,date_time,week,number_of_sales,gross_sales
0,12/27/2021 6:16 am,1.0,1,556.0
1,12/27/2021 8:17 am,1.0,1,1017.28
2,12/27/2021 10:48 am,1.0,1,276.25
3,12/27/2021 11:18 am,1.0,1,66.3
4,12/27/2021 11:18 am,1.0,1,197.2
5,12/27/2021 1:17 pm,1.0,1,474.3
6,12/27/2021 1:17 pm,1.0,1,1408.0
7,12/27/2021 2:15 pm,1.0,1,930.75
8,12/27/2021 3:16 pm,1.0,1,754.8
9,12/27/2021 4:16 pm,1.0,1,2708.95
10,12/27/2021 5:16 pm,1.0,1,1301.52
11,12/27/2021 9:19 pm,1.0,1,1672.0
12,12/27/2021 10:14 pm,1.0,1,418.88
13,12/28/2021 8:10 am,1.0,1,2849.0
14,12/28/2021 8:32 am,1.0,1,1053.32
15,12/28/2021 10:18 am,1.0,1,4494.8
16,12/28/2021 10:18 am,1.0,1,335.75
17,12/28/2021 11:20 am,1.0,1,420.75
18,12/28/2021 12:19 pm,1.0,1,1152.6
19,12/28/2021 12:19 pm,1.0,1,1695.75
20,12/28/2021 1:13 pm,1.0,1,644.3
21,12/28/2021 1:13 pm,1.0,1,1148.45
22,12/28/2021 2:14 pm,1.0,1,1338.75
23,12/28/2021 2:14 pm,1.0,1,1383.37
24,12/28/2021 5:15 pm,1.0,1,407.91
25,12/28/2021 6:16 pm,1.0,1,3120.31
26,12/29/2021 12:14 am,1.0,1,259.25
27,12/29/2021 12:15 am,1.0,1,225.25
28,12/29/2021 7:15 am,1.0,1,2408.0
29,12/29/2021 9:17 am,1.0,1,381.65
30,12/29/2021 10:17 am,1.0,1,427.2
31,12/29/2021 11:56 am,1.0,1,1488.0
32,12/29/2021 12:20 pm,1.0,1,2123.3
33,12/29/2021 1:20 pm,1.0,1,248.11
34,12/29/2021 1:20 pm,1.0,1,761.6
35,12/29/2021 1:20 pm,1.0,1,202.37
36,12/29/2021 1:43 pm,1.0,1,239.95
37,12/29/2021 3:19 pm,1.0,1,453.9
38,12/29/2021 4:17 pm,1.0,1,391.0
39,12/29/2021 4:17 pm,1.0,1,371.2
40,12/29/2021 4:24 pm,1.0,1,1577.6
41,12/29/2021 6:14 pm,1.0,1,2039.15
42,12/29/2021 9:14 pm,1.0,1,1697.87
43,12/29/2021 10:15 pm,1.0,1,245.44
44,12/29/2021 11:32 pm,1.0,1,2356.2
45,12/30/2021 12:16 am,1.0,1,2047.65
46,12/30/2021 2:13 am,1.0,1,1135.84
47,12/30/2021 6:16 am,1.0,1,918.0
48,12/30/2021 11:15 am,1.0,1,351.9
49,12/30/2021 11:15 am,1.0,1,185.3
50,12/30/2021 12:18 pm,1.0,1,630.0
51,12/30/2021 5:18 pm,1.0,1,1445.85
52,12/30/2021 6:19 pm,1.0,1,453.9
53,12/30/2021 8:16 pm,1.0,1,688.5
54,12/31/2021 7:17 am,1.0,1,586.5
55,12/31/2021 9:15 am,1.0,1,204.0
56,12/31/2021 9:15 am,1.0,1,1938.0
57,12/31/2021 10:16 am,1.0,1,918.0
58,12/31/2021 10:16 am,1.0,1,152.91
59,12/31/2021 11:20 am,1.0,1,3694.1
60,12/31/2021 12:15 pm,1.0,1,339.96
61,12/31/2021 3:15 pm,1.0,1,1691.5
62,12/31/2021 4:14 pm,1.0,1,1172.74
63,12/31/2021 6:15 pm,1.0,1,312.37
64,12/31/2021 10:16 pm,1.0,1,166.51
65,12/31/2021 11:13 pm,1.0,1,2524.5
66,1/1/2022 11:14 am,1.0,1,888.25
67,1/1/2022 11:14 am,1.0,1,773.5
68,1/1/2022 3:17 pm,1.0,1,1436.16
69,1/1/2022 5:17 pm,1.0,1,644.3
70,1/1/2022 5:17 pm,1.0,1,1271.81
71,1/1/2022 8:15 pm,1.0,1,632.4
72,1/1/2022 10:15 pm,1.0,1,560.15
73,1/2/2022 10:15 am,1.0,1,917.15
74,1/2/2022 10:15 am,1.0,1,458.15
75,1/2/2022 11:14 am,1.0,1,299.88
76,1/2/2022 1:18 pm,1.0,1,1331.95
77,1/2/2022 1:18 pm,1.0,1,144.9
78,1/2/2022 2:15 pm,1.0,1,216.75
79,1/2/2022 4:15 pm,1.0,1,1120.3
80,1/2/2022 8:15 pm,1.0,1,467.5
81,1/2/2022 8:16 pm,1.0,1,245.44
82,1/3/2022 2:14 am,2.0,1,126.65
83,1/3/2022 8:15 am,2.0,1,594.15
84,1/3/2022 9:19 am,2.0,1,330.0
85,1/3/2022 9:27 am,2.0,1,112.0
86,1/3/2022 9:36 am,2.0,1,112.0
87,1/3/2022 10:01 am,2.0,1,678.0
88,1/3/2022 10:04 am,2.0,1,798.0
89,1/3/2022 11:15 am,2.0,1,553.35
90,1/3/2022 12:21 pm,2.0,1,2006.0
91,1/3/2022 1:17 pm,2.0,1,245.44
92,1/3/2022 3:15 pm,2.0,1,376.38
93,1/3/2022 4:16 pm,2.0,1,1308.15
94,1/3/2022 4:16 pm,2.0,1,152.91
95,1/3/2022 7:17 pm,2.0,1,1015.75
96,1/3/2022 8:16 pm,2.0,1,276.25
97,1/3/2022 8:16 pm,2.0,1,440.1
98,1/3/2022 8:16 pm,2.0,1,503.95
99,1/3/2022 8:16 pm,2.0,1,205.5
100,1/3/2022 8:16 pm,2.0,1,2252.8
101,1/3/2022 8:16 pm,2.0,1,396.0
102,1/3/2022 9:16 pm,2.0,1,802.4
103,1/3/2022 9:16 pm,2.0,1,3425.5
104,1/4/2022 12:11 am,2.0,1,2876.57
105,1/4/2022 8:15 am,2.0,1,441.32
106,1/4/2022 8:56 am,2.0,1,798.0
107,1/4/2022 10:17 am,2.0,1,233.92
108,1/4/2022 11:16 am,2.0,1,758.4
109,1/4/2022 1:18 pm,2.0,1,1050.0
110,1/4/2022 1:18 pm,2.0,1,67.27
111,1/4/2022 2:15 pm,2.0,1,1695.75
112,1/4/2022 4:15 pm,2.0,1,239.6
113,1/4/2022 4:15 pm,2.0,1,595.0
114,1/4/2022 4:15 pm,2.0,1,695.0
115,1/4/2022 5:14 pm,2.0,1,1157.7
116,1/4/2022 7:14 pm,2.0,1,1164.5
117,1/4/2022 9:14 pm,2.0,1,1984.75
118,1/4/2022 10:11 pm,2.0,1,203.96
119,1/4/2022 10:11 pm,2.0,1,1145.8
120,1/5/2022 7:20 am,2.0,1,6544.15
121,1/5/2022 9:18 am,2.0,1,594.15
122,1/5/2022 9:56 am,2.0,1,749.7
123,1/5/2022 10:19 am,2.0,1,233.92
124,1/5/2022 10:50 am,2.0,1,782.0
125,1/5/2022 10:57 am,2.0,1,549.0
126,1/5/2022 12:17 pm,2.0,1,1578.45
127,1/5/2022 12:17 pm,2.0,1,104.45
128,1/5/2022 12:23 pm,2.0,1,758.0
129,1/5/2022 1:51 pm,2.0,1,737.8
130,1/5/2022 2:19 pm,2.0,1,949.96
131,1/5/2022 2:19 pm,2.0,1,1491.75
132,1/5/2022 3:13 pm,2.0,1,3176.69
133,1/5/2022 3:58 pm,2.0,1,856.8
134,1/5/2022 4:14 pm,2.0,1,982.6
135,1/5/2022 4:17 pm,2.0,1,1173.0
136,1/5/2022 5:15 pm,2.0,1,140.7
137,1/5/2022 6:15 pm,2.0,1,1326.0
138,1/5/2022 9:17 pm,2.0,1,1074.0
139,1/5/2022 10:16 pm,2.0,1,287.3
140,1/6/2022 8:14 am,2.0,1,109.2
141,1/6/2022 12:15 pm,2.0,1,291.72
142,1/6/2022 1:15 pm,2.0,1,850.0
143,1/6/2022 1:15 pm,2.0,1,208.8
144,1/6/2022 2:16 pm,2.0,1,701.25
145,1/6/2022 2:16 pm,2.0,1,3004.75
146,1/6/2022 3:16 pm,2.0,1,1156.0
147,1/6/2022 5:10 pm,2.0,1,105.0
148,1/6/2022 8:15 pm,2.0,1,372.0
149,1/6/2022 9:14 pm,2.0,1,1011.3
150,1/7/2022 5:16 am,2.0,1,488.75
151,1/7/2022 8:17 am,2.0,1,3549.6
152,1/7/2022 8:33 am,2.0,1,140.0
153,1/7/2022 9:14 am,2.0,1,295.2
154,1/7/2022 10:11 am,2.0,1,918.0
155,1/7/2022 12:21 pm,2.0,1,223.13
156,1/7/2022 1:18 pm,2.0,1,1610.75
157,1/7/2022 2:17 pm,2.0,1,1188.0
158,1/7/2022 3:15 pm,2.0,1,1399.95
159,1/7/2022 3:32 pm,2.0,1,325.96
160,1/7/2022 4:15 pm,2.0,1,589.9
161,1/7/2022 6:12 pm,2.0,1,232.0
162,1/7/2022 7:14 pm,2.0,1,1400.63
163,1/7/2022 7:14 pm,2.0,1,216.72
164,1/7/2022 8:15 pm,2.0,1,933.3
165,1/7/2022 9:16 pm,2.0,1,452.53
166,1/8/2022 10:18 am,2.0,1,2049.52
167,1/8/2022 10:18 am,2.0,1,216.75
168,1/8/2022 10:32 am,2.0,1,847.87
169,1/8/2022 10:38 am,2.0,1,531.25
170,1/8/2022 12:01 pm,2.0,1,978.0
171,1/8/2022 1:14 pm,2.0,1,467.5
172,1/8/2022 2:14 pm,2.0,1,564.4
173,1/8/2022 2:15 pm,2.0,1,450.5
174,1/8/2022 4:14 pm,2.0,1,1002.0
175,1/8/2022 4:14 pm,2.0,1,845.75
176,1/8/2022 5:13 pm,2.0,1,50.0
177,1/8/2022 5:13 pm,2.0,1,722.4
178,1/8/2022 6:16 pm,2.0,1,1494.3
179,1/8/2022 7:15 pm,2.0,1,590.75
180,1/8/2022 7:15 pm,2.0,1,365.5
181,1/9/2022 12:14 am,2.0,1,420.75
182,1/9/2022 9:16 am,2.0,1,952.0
183,1/9/2022 9:16 am,2.0,1,466.65
184,1/9/2022 11:16 am,2.0,1,105.0
185,1/9/2022 1:17 pm,2.0,1,143.44
186,1/9/2022 2:14 pm,2.0,1,280.5
187,1/9/2022 6:15 pm,2.0,1,705.6
188,1/9/2022 7:15 pm,2.0,1,330.9
189,1/9/2022 7:15 pm,2.0,1,296.65
190,1/9/2022 9:14 pm,2.0,1,1548.36
191,1/9/2022 9:14 pm,2.0,1,840.35
192,1/9/2022 9:14 pm,2.0,1,854.25
193,1/9/2022 11:16 pm,2.0,1,641.75
194,1/10/2022 10:01 am,3.0,1,485.0
195,1/10/2022 1:20 pm,3.0,1,1066.41
196,1/10/2022 1:20 pm,3.0,1,625.3
197,1/10/2022 2:40 pm,3.0,1,1271.6
198,1/10/2022 5:18 pm,3.0,1,1077.8
199,1/10/2022 11:16 pm,3.0,1,384.46
200,1/11/2022 12:16 am,3.0,1,5282.24
201,1/11/2022 1:14 am,3.0,1,270.94
202,1/11/2022 1:14 am,3.0,1,1182.35
203,1/11/2022 7:17 am,3.0,1,426.68
204,1/11/2022 8:58 am,3.0,1,609.0
205,1/11/2022 9:19 am,3.0,1,976.0
206,1/11/2022 9:19 am,3.0,1,2133.41
207,1/11/2022 10:17 am,3.0,1,2528.2
208,1/11/2022 11:15 am,3.0,1,1957.0
209,1/11/2022 1:14 pm,3.0,1,21.25
210,1/11/2022 2:16 pm,3.0,1,867.0
211,1/11/2022 2:17 pm,3.0,1,790.07
212,1/11/2022 4:20 pm,3.0,1,798.15
213,1/11/2022 5:15 pm,3.0,1,773.47
214,1/11/2022 5:15 pm,3.0,1,123.9
215,1/11/2022 7:16 pm,3.0,1,1112.65
216,1/11/2022 9:16 pm,3.0,1,577.16
217,1/12/2022 3:18 am,3.0,1,541.87
218,1/12/2022 4:16 am,3.0,1,21.25
219,1/12/2022 8:16 am,3.0,1,849.15
220,1/12/2022 8:16 am,3.0,1,114.0
221,1/12/2022 9:18 am,3.0,1,475.4
222,1/12/2022 11:14 am,3.0,1,3121.2
223,1/12/2022 12:16 pm,3.0,1,474.3
224,1/12/2022 1:11 pm,3.0,1,674.1
225,1/12/2022 2:15 pm,3.0,1,159.73
226,1/12/2022 3:17 pm,3.0,1,837.0
227,1/12/2022 3:17 pm,3.0,1,60.0
228,1/12/2022 4:15 pm,3.0,1,621.56
229,1/12/2022 5:15 pm,3.0,1,135.0
230,1/12/2022 8:14 pm,3.0,1,1385.16
231,1/12/2022 8:14 pm,3.0,1,543.32
232,1/12/2022 8:14 pm,3.0,1,455.94
233,1/12/2022 10:16 pm,3.0,1,1156.0
234,1/13/2022 2:14 am,3.0,1,420.75
235,1/13/2022 2:14 am,3.0,1,424.15
236,1/13/2022 5:13 am,3.0,1,264.6
237,1/13/2022 6:16 am,3.0,1,1263.65
238,1/13/2022 11:16 am,3.0,1,347.65
239,1/13/2022 11:16 am,3.0,1,558.0
240,1/13/2022 12:15 pm,3.0,1,523.6
241,1/13/2022 12:15 pm,3.0,1,431.33
242,1/13/2022 12:16 pm,3.0,1,67.7
243,1/13/2022 2:15 pm,3.0,1,719.95
244,1/13/2022 6:16 pm,3.0,1,1156.85
245,1/13/2022 7:14 pm,3.0,1,763.3
246,1/13/2022 7:14 pm,3.0,1,274.55
247,1/13/2022 9:17 pm,3.0,1,425.0
248,1/13/2022 9:17 pm,3.0,1,424.91
249,1/13/2022 9:17 pm,3.0,1,678.3
250,1/14/2022 2:13 am,3.0,1,2082.5
251,1/14/2022 6:18 am,3.0,1,357.64
252,1/14/2022 8:11 am,3.0,1,917.83
253,1/14/2022 9:17 am,3.0,1,502.14
254,1/14/2022 9:17 am,3.0,1,220.0
255,1/14/2022 9:17 am,3.0,1,258.0
256,1/14/2022 11:16 am,3.0,1,166.51
257,1/14/2022 11:16 am,3.0,1,1989.0
258,1/14/2022 11:16 am,3.0,1,957.95
259,1/14/2022 11:17 am,3.0,1,850.0
260,1/14/2022 1:15 pm,3.0,1,373.96
261,1/14/2022 1:15 pm,3.0,1,234.6
262,1/14/2022 2:14 pm,3.0,1,1326.0
263,1/14/2022 2:34 pm,3.0,1,651.92
264,1/14/2022 4:12 pm,3.0,1,956.25
265,1/14/2022 6:15 pm,3.0,1,865.3
266,1/14/2022 6:15 pm,3.0,1,1630.17
267,1/14/2022 7:17 pm,3.0,1,2885.75
268,1/15/2022 12:13 am,3.0,1,357.64
269,1/15/2022 1:13 pm,3.0,1,1190.0
270,1/15/2022 1:13 pm,3.0,1,381.65
271,1/15/2022 2:14 pm,3.0,1,2549.15
272,1/15/2022 3:16 pm,3.0,1,649.0
273,1/15/2022 9:13 pm,3.0,1,722.92
274,1/15/2022 10:16 pm,3.0,1,1473.9
275,1/15/2022 11:14 pm,3.0,1,1598.0
276,1/15/2022 11:14 pm,3.0,1,373.15
277,1/16/2022 12:16 am,3.0,1,373.15
278,1/16/2022 12:16 am,3.0,1,296.25
279,1/16/2022 7:16 am,3.0,1,2621.4
280,1/16/2022 8:15 am,3.0,1,365.5
281,1/16/2022 9:15 am,3.0,1,372.3
282,1/16/2022 10:17 am,3.0,1,429.89
283,1/16/2022 11:16 am,3.0,1,405.89
284,1/16/2022 1:16 pm,3.0,1,453.9
285,1/16/2022 1:16 pm,3.0,1,1299.65
286,1/16/2022 2:14 pm,3.0,1,588.58
287,1/16/2022 2:14 pm,3.0,1,179.9
288,1/16/2022 2:14 pm,3.0,1,663.25
289,1/16/2022 2:14 pm,3.0,1,612.0
290,1/16/2022 5:11 pm,3.0,1,474.3
291,1/16/2022 6:14 pm,3.0,1,1587.63
292,1/16/2022 7:16 pm,3.0,1,1636.0
293,1/17/2022 3:14 am,4.0,1,60.0
294,1/17/2022 9:13 am,4.0,1,449.0
295,1/17/2022 9:14 am,4.0,1,1673.65
296,1/17/2022 9:28 am,4.0,1,1078.0
297,1/17/2022 9:31 am,4.0,1,978.0
298,1/17/2022 11:32 am,4.0,1,629.0
299,1/17/2022 11:35 am,4.0,1,339.0
300,1/17/2022 12:17 pm,4.0,1,1024.76
301,1/17/2022 1:20 pm,4.0,1,448.8
302,1/17/2022 2:17 pm,4.0,1,435.2
303,1/17/2022 2:17 pm,4.0,1,2549.15
304,1/17/2022 2:17 pm,4.0,1,53.25
305,1/17/2022 3:04 pm,4.0,1,1209.0
306,1/17/2022 3:18 pm,4.0,1,325.12
307,1/17/2022 4:47 pm,4.0,1,619.66
308,1/17/2022 5:14 pm,4.0,1,609.96
309,1/17/2022 6:14 pm,4.0,1,166.51
310,1/17/2022 6:14 pm,4.0,1,559.3
311,1/17/2022 8:17 pm,4.0,1,67.27
312,1/17/2022 8:17 pm,4.0,1,2246.97
313,1/18/2022 8:16 am,4.0,1,1767.15
314,1/18/2022 8:39 am,4.0,1,1467.0
315,1/18/2022 1:17 pm,4.0,1,179.1
316,1/18/2022 2:16 pm,4.0,1,250.75
317,1/18/2022 3:18 pm,4.0,1,1369.35
318,1/18/2022 3:19 pm,4.0,1,815.32
319,1/18/2022 4:18 pm,4.0,1,644.3
320,1/18/2022 5:19 pm,4.0,1,1408.87
321,1/18/2022 6:20 pm,4.0,1,929.86
322,1/18/2022 8:17 pm,4.0,1,484.0
323,1/19/2022 7:17 am,4.0,1,712.3
324,1/19/2022 8:17 am,4.0,1,288.15
325,1/19/2022 10:15 am,4.0,1,158.62
326,1/19/2022 11:19 am,4.0,1,1120.3
327,1/19/2022 11:43 am,4.0,1,2877.0
328,1/19/2022 1:29 pm,4.0,1,2516.4
329,1/19/2022 2:17 pm,4.0,1,178.5
330,1/19/2022 2:17 pm,4.0,1,448.03
331,1/19/2022 3:20 pm,4.0,1,1020.0
332,1/19/2022 4:17 pm,4.0,1,467.49
333,1/19/2022 5:13 pm,4.0,1,658.24
334,1/19/2022 6:18 pm,4.0,1,2197.25
335,1/20/2022 11:17 am,4.0,1,635.77
336,1/20/2022 12:16 pm,4.0,1,268.2
337,1/20/2022 2:18 pm,4.0,1,268.8
338,1/20/2022 2:53 pm,4.0,1,520.2
339,1/20/2022 3:16 pm,4.0,1,165.0
340,1/20/2022 4:01 pm,4.0,1,1618.4
341,1/20/2022 4:18 pm,4.0,1,212.46
342,1/20/2022 4:18 pm,4.0,1,1061.05
343,1/20/2022 5:13 pm,4.0,1,572.9
344,1/20/2022 5:34 pm,1.0,1,293.85
345,1/20/2022 7:15 pm,4.0,1,884.0
346,1/21/2022 5:15 am,4.0,1,476.85
347,1/21/2022 12:22 pm,4.0,1,1494.3
348,1/21/2022 12:22 pm,4.0,1,841.5
349,1/21/2022 1:19 pm,4.0,1,1308.15
350,1/21/2022 1:19 pm,4.0,1,421.6
351,1/21/2022 3:17 pm,4.0,1,449.91
352,1/21/2022 4:19 pm,4.0,1,371.28
353,1/21/2022 8:12 pm,4.0,1,1185.75
354,1/21/2022 11:14 pm,4.0,1,221.0
355,1/22/2022 8:15 am,4.0,1,349.47
356,1/22/2022 10:18 am,4.0,1,271.32
357,1/22/2022 10:18 am,4.0,1,590.75
358,1/22/2022 12:15 pm,4.0,1,660.6
359,1/22/2022 1:16 pm,4.0,1,682.04
360,1/22/2022 1:16 pm,4.0,1,1112.65
361,1/22/2022 2:12 pm,4.0,1,163.8
362,1/22/2022 3:12 pm,4.0,1,504.9
363,1/22/2022 8:19 pm,4.0,1,395.5
364,1/22/2022 9:18 pm,4.0,1,237.4
365,1/22/2022 10:14 pm,4.0,1,1112.65
366,1/23/2022 9:14 am,4.0,1,336.6
367,1/23/2022 9:14 am,4.0,1,212.46
368,1/23/2022 2:14 pm,4.0,1,438.6
369,1/23/2022 2:14 pm,4.0,1,479.4
370,1/23/2022 2:14 pm,4.0,1,1018.3
371,1/23/2022 3:19 pm,4.0,1,295.8
372,1/23/2022 5:19 pm,4.0,1,478.12
373,1/23/2022 8:13 pm,4.0,1,572.9
374,1/23/2022 11:15 pm,4.0,1,1625.62
375,1/23/2022 11:16 pm,4.0,1,1494.3
376,1/24/2022 8:18 am,5.0,1,489.0
377,1/24/2022 8:19 am,5.0,1,1580.15
378,1/24/2022 9:17 am,5.0,1,423.3
379,1/24/2022 10:19 am,5.0,1,531.25
380,1/24/2022 3:13 pm,5.0,1,1691.5
381,1/24/2022 5:13 pm,5.0,1,3820.06
382,1/24/2022 6:16 pm,5.0,1,266.56
383,1/24/2022 6:16 pm,5.0,1,933.3
384,1/24/2022 7:15 pm,5.0,1,2360.0
385,1/24/2022 10:14 pm,5.0,1,398.05
386,1/25/2022 6:16 am,5.0,1,435.2
387,1/25/2022 8:00 am,5.0,1,979.2
388,1/25/2022 8:19 am,5.0,1,499.0
389,1/25/2022 9:19 am,5.0,1,990.67
390,1/25/2022 11:16 am,5.0,1,1088.0
391,1/25/2022 11:16 am,5.0,1,848.3
392,1/25/2022 2:17 pm,5.0,1,1639.0
393,1/25/2022 4:58 pm,5.0,1,379.0
394,1/25/2022 5:12 pm,5.0,1,938.4
395,1/25/2022 6:15 pm,5.0,1,990.67
396,1/25/2022 10:14 pm,5.0,1,2346.0
397,1/26/2022 9:10 am,5.0,1,684.0
398,1/26/2022 9:18 am,5.0,1,53.25
399,1/26/2022 11:41 am,2.0,1,2006.0
400,1/26/2022 11:45 am,5.0,1,379.0
401,1/26/2022 11:46 am,5.0,1,379.0
402,1/26/2022 12:02 pm,5.0,1,779.0
403,1/26/2022 2:13 pm,5.0,1,882.3
404,1/26/2022 5:17 pm,5.0,1,205.0
405,1/26/2022 6:19 pm,5.0,1,102.96
406,1/26/2022 11:14 pm,5.0,1,420.75
407,1/27/2022 8:14 am,5.0,1,448.03
408,1/27/2022 11:18 am,5.0,1,625.6
409,1/27/2022 12:20 pm,5.0,1,949.96
410,1/27/2022 3:14 pm,5.0,1,153.0
411,1/27/2022 4:14 pm,5.0,1,343.14
412,1/27/2022 7:14 pm,5.0,1,250.75
413,1/27/2022 11:17 pm,5.0,1,534.65
414,1/28/2022 2:16 am,5.0,1,1104.15
415,1/28/2022 9:11 am,5.0,1,277.44
416,1/28/2022 12:18 pm,5.0,1,5567.5
417,1/28/2022 2:16 pm,5.0,1,480.0
418,1/28/2022 3:17 pm,5.0,1,1324.3
419,1/28/2022 4:15 pm,5.0,1,333.2
420,1/28/2022 5:20 pm,5.0,1,1220.6
421,1/29/2022 12:43 am,5.0,1,89.96
422,1/29/2022 7:14 am,5.0,1,926.5
423,1/29/2022 9:19 am,5.0,1,662.15
424,1/29/2022 11:15 am,5.0,1,1732.3
425,1/29/2022 12:16 pm,5.0,1,425.0
426,1/29/2022 6:17 pm,5.0,1,280.5
427,1/29/2022 11:12 pm,5.0,1,1602.0
428,1/29/2022 11:12 pm,5.0,1,423.3
429,1/30/2022 11:15 am,5.0,1,934.15
430,1/30/2022 2:13 pm,5.0,1,3156.87
431,1/30/2022 5:13 pm,5.0,1,934.15
432,1/30/2022 5:14 pm,5.0,1,1494.3
433,1/30/2022 6:16 pm,5.0,1,346.8
434,1/30/2022 6:16 pm,5.0,1,647.36
435,1/30/2022 7:15 pm,5.0,1,517.65
436,1/31/2022 12:13 am,6.0,1,2592.5
437,1/31/2022 7:49 am,6.0,1,0.0
438,1/31/2022 10:18 am,6.0,1,150.0
439,1/31/2022 10:18 am,6.0,1,733.04
440,1/31/2022 10:20 am,6.0,1,381.22
441,1/31/2022 11:14 am,6.0,1,1154.3
442,1/31/2022 12:17 pm,6.0,1,164.0
443,1/31/2022 12:17 pm,6.0,1,82.83
444,1/31/2022 3:18 pm,6.0,1,1494.3
445,1/31/2022 5:15 pm,6.0,1,647.6
446,1/31/2022 5:15 pm,6.0,1,493.5
447,1/31/2022 6:15 pm,6.0,1,751.4
448,2/1/2022 10:16 am,6.0,1,557.6
449,2/1/2022 11:15 am,6.0,1,2507.5
450,2/1/2022 1:15 pm,6.0,1,728.0
451,2/1/2022 1:32 pm,6.0,1,164.0
452,2/1/2022 2:33 pm,6.0,1,199.0
453,2/1/2022 3:14 pm,6.0,1,359.0
454,2/1/2022 3:14 pm,6.0,1,1635.4
455,2/1/2022 4:17 pm,6.0,1,751.4
456,2/1/2022 4:46 pm,6.0,1,325.96
457,2/1/2022 10:16 pm,6.0,1,380.8
458,2/2/2022 9:16 am,6.0,1,502.2
459,2/2/2022 9:16 am,6.0,1,2125.0
460,2/2/2022 1:19 pm,6.0,1,402.9
461,2/2/2022 2:15 pm,6.0,1,1323.45
462,2/2/2022 10:14 pm,6.0,1,229.46
463,2/3/2022 2:18 pm,6.0,1,561.0
464,2/3/2022 3:16 pm,6.0,1,166.51
465,2/3/2022 6:16 pm,6.0,1,595.0
466,2/3/2022 7:13 pm,6.0,1,82.0
467,2/4/2022 8:15 am,6.0,1,646.2
468,2/4/2022 9:03 am,6.0,1,110.5
469,2/4/2022 9:19 am,2.0,1,1157.84
470,2/4/2022 11:31 am,6.0,1,1575.0
471,2/4/2022 12:04 pm,6.0,1,156.87
472,2/4/2022 12:14 pm,6.0,1,628.15
473,2/4/2022 12:14 pm,6.0,1,505.75
474,2/4/2022 12:44 pm,6.0,1,325.96
475,2/4/2022 3:17 pm,6.0,1,2052.36
476,2/4/2022 3:17 pm,6.0,1,940.34
477,2/4/2022 6:13 pm,6.0,1,1337.9
478,2/4/2022 9:13 pm,6.0,1,395.5
479,2/5/2022 9:17 am,6.0,1,271.15
480,2/5/2022 9:24 am,6.0,1,111.3
481,2/5/2022 9:50 am,6.0,1,175.0
482,2/5/2022 10:05 am,6.0,1,1147.5
483,2/5/2022 10:13 am,6.0,1,1364.08
484,2/5/2022 2:15 pm,6.0,1,225.6
485,2/5/2022 8:14 pm,6.0,1,590.75
486,2/5/2022 8:14 pm,6.0,1,211.24
487,2/6/2022 11:17 am,6.0,1,344.0
488,2/6/2022 1:17 pm,6.0,1,2762.5
489,2/6/2022 4:16 pm,6.0,1,572.9
490,2/6/2022 5:14 pm,6.0,1,142.29
491,2/7/2022 9:14 am,6.0,1,858.9
492,2/7/2022 9:16 am,7.0,1,195.9
493,2/7/2022 9:17 am,7.0,1,846.6
494,2/7/2022 9:23 am,6.0,1,1190.0
495,2/7/2022 10:15 am,7.0,1,199.0
496,2/7/2022 10:15 am,7.0,1,420.75
497,2/7/2022 11:16 am,7.0,1,1895.0
498,2/7/2022 4:20 pm,7.0,1,385.56
499,2/7/2022 5:18 pm,7.0,1,428.4
500,2/7/2022 8:18 pm,7.0,1,2988.6
501,2/7/2022 8:18 pm,7.0,1,412.22
502,2/7/2022 9:15 pm,7.0,1,420.75
503,2/7/2022 10:16 pm,7.0,1,229.95
504,2/8/2022 2:17 pm,7.0,1,172.2
505,2/8/2022 2:57 pm,7.0,1,362.5
506,2/8/2022 4:08 pm,7.0,1,318.0
507,2/8/2022 4:20 pm,7.0,1,1232.5
508,2/8/2022 8:15 pm,7.0,1,91.5
509,2/9/2022 8:15 am,7.0,1,969.0
510,2/9/2022 8:15 am,7.0,1,2578.05
511,2/9/2022 1:13 pm,7.0,1,1766.18
512,2/9/2022 9:14 pm,7.0,1,475.96
513,2/10/2022 7:17 am,7.0,1,251.77
514,2/10/2022 7:53 am,7.0,1,344.25
515,2/10/2022 10:15 am,7.0,1,309.0
516,2/10/2022 1:19 pm,7.0,1,467.5
517,2/10/2022 3:01 pm,7.0,1,1017.45
518,2/10/2022 5:18 pm,7.0,1,307.02
519,2/10/2022 6:15 pm,7.0,1,108.0
520,2/11/2022 6:19 am,7.0,1,2201.5
521,2/11/2022 10:20 am,7.0,1,35.48
522,2/11/2022 10:20 am,7.0,1,491.3
523,2/11/2022 11:16 am,7.0,1,2996.25
524,2/11/2022 1:21 pm,7.0,1,3187.5
525,2/11/2022 2:19 pm,7.0,1,510.0
526,2/11/2022 5:18 pm,7.0,1,2759.1
527,2/11/2022 7:16 pm,7.0,1,60.0
528,2/11/2022 9:17 pm,7.0,1,210.37
529,2/12/2022 10:15 am,7.0,1,3956.41
530,2/12/2022 11:17 am,7.0,1,3826.7
531,2/12/2022 4:17 pm,7.0,1,435.2
532,2/12/2022 11:13 pm,7.0,1,152.91
533,2/13/2022 9:19 am,7.0,1,675.75
534,2/13/2022 12:18 pm,7.0,1,31.4
535,2/13/2022 2:16 pm,7.0,1,2214.0
536,2/13/2022 3:16 pm,7.0,1,1492.26
537,2/13/2022 4:18 pm,7.0,1,347.65
538,2/13/2022 4:18 pm,7.0,1,198.4
539,2/13/2022 5:18 pm,7.0,1,1292.0
540,2/13/2022 7:18 pm,7.0,1,407.15
541,2/13/2022 10:19 pm,7.0,1,617.1
542,2/14/2022 7:18 am,8.0,1,82.1
543,2/14/2022 8:12 am,8.0,1,1529.0
544,2/14/2022 8:44 am,8.0,1,299.0
545,2/14/2022 8:50 am,8.0,1,978.0
546,2/14/2022 8:53 am,8.0,1,1357.0
547,2/14/2022 8:57 am,8.0,1,678.0
548,2/14/2022 8:58 am,8.0,1,1698.0
549,2/14/2022 9:01 am,8.0,1,796.0
550,2/14/2022 11:13 am,8.0,1,313.65
551,2/14/2022 11:14 am,8.0,1,1615.93
552,2/14/2022 12:19 pm,8.0,1,652.8
553,2/14/2022 12:37 pm,7.0,1,1361.7
554,2/14/2022 1:18 pm,8.0,1,314.16
555,2/14/2022 2:44 pm,8.0,1,510.0
556,2/14/2022 2:46 pm,8.0,1,898.0
557,2/14/2022 3:17 pm,8.0,1,2453.44
558,2/14/2022 4:16 pm,8.0,1,637.84
559,2/14/2022 4:45 pm,8.0,1,1518.0
560,2/14/2022 4:47 pm,8.0,1,4287.0
561,2/14/2022 8:15 pm,8.0,1,396.8
562,2/14/2022 9:15 pm,8.0,1,429.89
563,2/15/2022 6:14 am,8.0,1,1783.3
564,2/15/2022 8:13 am,8.0,1,882.3
565,2/15/2022 9:32 am,8.0,1,779.0
566,2/15/2022 9:33 am,8.0,1,115.65
567,2/15/2022 10:20 am,8.0,1,424.91
568,2/15/2022 12:15 pm,8.0,1,250.75
569,2/15/2022 12:26 pm,8.0,1,398.0
570,2/15/2022 1:23 pm,8.0,1,5368.6
571,2/15/2022 5:19 pm,8.0,1,972.4
572,2/15/2022 8:19 pm,8.0,1,390.15
573,2/15/2022 9:13 pm,8.0,1,719.95
574,2/15/2022 9:13 pm,8.0,1,224.4
575,2/15/2022 10:12 pm,8.0,1,1256.3
576,2/16/2022 4:14 am,8.0,1,394.48
577,2/16/2022 7:14 am,8.0,1,107.44
578,2/16/2022 8:24 am,8.0,1,799.0
579,2/16/2022 8:25 am,8.0,1,758.0
580,2/16/2022 10:14 am,8.0,1,1670.76
581,2/16/2022 10:14 am,8.0,1,896.24
582,2/16/2022 11:39 am,8.0,1,1356.0
583,2/16/2022 11:40 am,8.0,1,2609.0
584,2/16/2022 11:42 am,8.0,1,629.0
585,2/16/2022 11:43 am,8.0,1,779.0
586,2/16/2022 11:45 am,8.0,1,857.0
587,2/16/2022 11:46 am,8.0,1,1099.0
588,2/16/2022 11:49 am,8.0,1,509.0
589,2/16/2022 12:15 pm,8.0,1,736.0
590,2/16/2022 12:21 pm,8.0,1,489.6
591,2/16/2022 1:13 pm,8.0,1,91.0
592,2/16/2022 3:58 pm,2.0,1,1053.32
593,2/16/2022 4:11 pm,8.0,1,357.0
594,2/16/2022 4:14 pm,8.0,1,561.0
595,2/16/2022 6:13 pm,8.0,1,1160.25
596,2/16/2022 7:13 pm,8.0,1,4113.15
597,2/16/2022 7:13 pm,8.0,1,343.4
598,2/17/2022 6:14 am,8.0,1,107.1
599,2/17/2022 7:11 am,8.0,1,3094.0
600,2/17/2022 8:34 am,8.0,1,325.96
601,2/17/2022 8:41 am,8.0,1,1527.0
602,2/17/2022 8:44 am,8.0,1,509.0
603,2/17/2022 9:12 am,8.0,1,367.2
604,2/17/2022 2:09 pm,8.0,1,600.0
605,2/17/2022 2:12 pm,8.0,1,230.4
606,2/17/2022 2:13 pm,8.0,1,1783.3
607,2/17/2022 2:13 pm,8.0,1,253.0
608,2/17/2022 2:13 pm,8.0,1,297.38
609,2/17/2022 3:42 pm,8.0,1,509.0
610,2/17/2022 4:13 pm,8.0,1,432.62
611,2/17/2022 8:13 pm,8.0,1,794.68
612,2/18/2022 7:13 am,8.0,1,312.0
613,2/18/2022 7:13 am,8.0,1,531.25
614,2/18/2022 8:15 am,8.0,1,174.08
615,2/18/2022 8:16 am,8.0,1,510.0
616,2/18/2022 8:16 am,8.0,1,335.32
617,2/18/2022 9:17 am,8.0,1,0.0
618,2/18/2022 9:41 am,8.0,1,0.0
619,2/18/2022 10:14 am,8.0,1,252.84
620,2/18/2022 10:14 am,8.0,1,333.54
621,2/18/2022 10:14 am,8.0,1,2741.25
622,2/18/2022 10:22 am,8.0,1,201.25
623,2/18/2022 2:04 pm,8.0,1,937.55
624,2/18/2022 2:46 pm,8.0,1,216.24
625,2/18/2022 5:13 pm,8.0,1,144.9
626,2/18/2022 7:13 pm,8.0,1,902.81
627,2/18/2022 10:12 pm,8.0,1,391.0
628,2/19/2022 10:12 am,8.0,1,462.4
629,2/19/2022 10:12 am,8.0,1,432.65
630,2/19/2022 11:13 am,8.0,1,378.67
631,2/19/2022 12:14 pm,8.0,1,1642.5
632,2/19/2022 1:14 pm,8.0,1,728.5
633,2/19/2022 3:13 pm,8.0,1,384.0
634,2/19/2022 3:13 pm,8.0,1,1189.32
635,2/20/2022 8:12 am,8.0,1,1639.44
636,2/20/2022 9:14 am,8.0,1,1198.69
637,2/20/2022 9:14 am,8.0,1,510.4
638,2/20/2022 11:28 am,8.0,1,43.0
639,2/20/2022 11:48 am,8.0,1,1043.37
640,2/20/2022 1:14 pm,8.0,1,859.72
641,2/20/2022 4:13 pm,8.0,1,238.9
642,2/20/2022 6:13 pm,8.0,1,578.93
643,2/20/2022 9:11 pm,8.0,1,420.75
644,2/21/2022 8:15 am,9.0,1,746.3
645,2/21/2022 9:49 am,9.0,1,780.3
646,2/21/2022 10:13 am,9.0,1,1034.7
647,2/21/2022 10:13 am,9.0,1,338.3
648,2/21/2022 11:03 am,9.0,1,919.75
649,2/21/2022 11:12 am,9.0,1,1602.25
650,2/21/2022 12:11 pm,9.0,1,380.0
651,2/21/2022 12:41 pm,9.0,1,1209.0
652,2/21/2022 12:49 pm,9.0,1,289.0
653,2/21/2022 1:15 pm,9.0,1,578.0
654,2/21/2022 2:16 pm,9.0,1,112.0
655,2/21/2022 2:16 pm,9.0,1,2133.32
656,2/21/2022 2:16 pm,9.0,1,454.63
657,2/21/2022 2:16 pm,9.0,1,603.5
658,2/21/2022 2:16 pm,9.0,1,4436.8
659,2/21/2022 2:16 pm,9.0,1,1027.65
660,2/21/2022 2:28 pm,9.0,1,1655.28
661,2/21/2022 2:30 pm,9.0,1,116.23
662,2/21/2022 7:12 pm,9.0,1,661.76
663,2/21/2022 8:13 pm,9.0,1,187.25
664,2/21/2022 10:10 pm,9.0,1,1441.96
665,2/22/2022 9:06 am,9.0,1,2550.0
666,2/22/2022 10:13 am,9.0,1,447.44
667,2/22/2022 10:13 am,9.0,1,439.21
668,2/22/2022 12:11 pm,9.0,1,53.25
669,2/22/2022 1:15 pm,9.0,1,420.52
670,2/22/2022 5:11 pm,9.0,1,3155.88
671,2/22/2022 8:11 pm,9.0,1,480.25
672,2/22/2022 8:11 pm,9.0,1,110.16
673,2/22/2022 9:11 pm,9.0,1,1605.71
674,2/23/2022 9:31 am,9.0,1,4634.0
675,2/23/2022 9:34 am,9.0,1,1197.0
676,2/23/2022 10:13 am,9.0,1,176.0
677,2/23/2022 10:13 am,9.0,1,194.02
678,2/23/2022 10:13 am,9.0,1,720.09
679,2/23/2022 10:35 am,9.0,1,1695.75
680,2/23/2022 10:41 am,9.0,1,489.0
681,2/23/2022 12:12 pm,9.0,1,671.08
682,2/23/2022 2:14 pm,9.0,1,669.8
683,2/23/2022 7:14 pm,9.0,1,2424.0
684,2/24/2022 4:13 am,9.0,1,202.3
685,2/24/2022 4:13 am,9.0,1,1062.5
686,2/24/2022 9:11 am,9.0,1,2385.72
687,2/24/2022 9:15 am,9.0,1,618.0
688,2/24/2022 9:20 am,9.0,1,898.0
689,2/24/2022 9:23 am,9.0,1,779.0
690,2/24/2022 9:26 am,9.0,1,659.0
691,2/24/2022 9:29 am,9.0,1,289.0
692,2/24/2022 9:38 am,9.0,1,638.0
693,2/24/2022 10:12 am,9.0,1,788.61
694,2/24/2022 10:17 am,9.0,1,339.0
695,2/24/2022 10:21 am,9.0,1,299.0
696,2/24/2022 10:23 am,9.0,1,1899.0
697,2/24/2022 10:26 am,9.0,1,449.0
698,2/24/2022 11:41 am,9.0,1,1195.95
699,2/24/2022 12:14 pm,9.0,1,460.0
700,2/24/2022 1:57 pm,9.0,1,1018.0
701,2/24/2022 2:12 pm,9.0,1,1137.02
702,2/24/2022 3:15 pm,9.0,1,719.95
703,2/24/2022 6:10 pm,9.0,1,678.3
704,2/24/2022 7:11 pm,9.0,1,144.5
705,2/25/2022 7:14 am,9.0,1,2386.12
706,2/25/2022 9:14 am,9.0,1,2371.5
707,2/25/2022 10:10 am,9.0,1,598.0
708,2/25/2022 12:15 pm,9.0,1,168.0
709,2/25/2022 1:13 pm,9.0,1,1100.75
710,2/25/2022 3:14 pm,9.0,1,3431.38
711,2/25/2022 4:11 pm,9.0,1,1360.0
712,2/26/2022 11:12 am,9.0,1,357.0
713,2/26/2022 11:13 am,9.0,1,323.0
714,2/26/2022 3:13 pm,9.0,1,822.69
715,2/26/2022 9:12 pm,9.0,1,3209.6
716,2/26/2022 10:13 pm,9.0,1,199.0
717,2/27/2022 10:13 am,9.0,1,1582.5
718,2/27/2022 12:13 pm,9.0,1,339.15
719,2/27/2022 7:12 pm,9.0,1,920.0
720,2/28/2022 7:14 am,10.0,1,323.2
721,2/28/2022 7:14 am,10.0,1,1171.3
722,2/28/2022 8:16 am,10.0,1,659.0
723,2/28/2022 8:21 am,10.0,1,1758.0
724,2/28/2022 8:24 am,10.0,1,479.0
725,2/28/2022 8:27 am,10.0,1,1209.0
726,2/28/2022 8:30 am,10.0,1,1328.0
727,2/28/2022 12:14 pm,10.0,1,176.4
728,2/28/2022 12:14 pm,10.0,1,2616.3
729,2/28/2022 12:14 pm,10.0,1,6662.4
730,2/28/2022 12:14 pm,10.0,1,1444.15
731,2/28/2022 12:54 pm,10.0,1,621.77
732,2/28/2022 5:12 pm,10.0,1,344.0
733,2/28/2022 5:12 pm,10.0,1,963.2
734,2/28/2022 6:13 pm,10.0,1,658.0
735,2/28/2022 6:13 pm,10.0,1,521.89
736,2/28/2022 8:12 pm,10.0,1,1860.65
737,3/1/2022 3:13 am,10.0,1,159.84
738,3/1/2022 8:31 am,9.0,1,325.24
739,3/1/2022 9:15 am,10.0,1,628.15
740,3/1/2022 10:12 am,10.0,1,1288.0
741,3/1/2022 10:13 am,10.0,1,2767.6
742,3/1/2022 10:25 am,10.0,1,693.0
743,3/1/2022 11:12 am,10.0,1,551.65
744,3/1/2022 11:12 am,10.0,1,1405.9
745,3/1/2022 11:13 am,10.0,1,314.0
746,3/1/2022 2:12 pm,10.0,1,1602.25
747,3/1/2022 5:13 pm,10.0,1,160.0
748,3/1/2022 6:12 pm,10.0,1,1800.0
749,3/1/2022 6:12 pm,10.0,1,1892.5
750,3/1/2022 6:12 pm,10.0,1,2416.87
751,3/2/2022 8:03 am,10.0,1,479.0
752,3/2/2022 8:12 am,10.0,1,1927.8
753,3/2/2022 11:11 am,10.0,1,877.2
754,3/2/2022 12:12 pm,10.0,1,472.6
755,3/2/2022 12:12 pm,10.0,1,1883.76
756,3/2/2022 12:26 pm,10.0,1,858.0
757,3/2/2022 3:12 pm,10.0,1,210.0
758,3/2/2022 8:13 pm,10.0,1,3723.85
759,3/2/2022 11:13 pm,10.0,1,180.8
760,3/3/2022 10:12 am,10.0,1,1125.18
761,3/3/2022 10:41 am,10.0,1,1158.0
762,3/3/2022 1:24 pm,10.0,1,875.67
763,3/3/2022 1:26 pm,10.0,1,839.0
764,3/3/2022 3:36 pm,10.0,1,613.36
765,3/3/2022 7:11 pm,10.0,1,791.01
766,3/3/2022 10:12 pm,10.0,1,2810.6
767,3/3/2022 10:12 pm,10.0,1,421.12
768,3/4/2022 9:11 am,10.0,1,153.0
769,3/4/2022 12:13 pm,10.0,1,253.48
770,3/4/2022 1:12 pm,10.0,1,860.62
771,3/4/2022 3:13 pm,10.0,1,549.72
772,3/4/2022 3:13 pm,10.0,1,660.0
773,3/4/2022 3:13 pm,10.0,1,704.06
774,3/4/2022 5:13 pm,10.0,1,2049.52
775,3/4/2022 6:13 pm,10.0,1,1593.75
776,3/4/2022 8:10 pm,10.0,1,1868.3
777,3/5/2022 4:12 am,10.0,1,355.24
778,3/5/2022 7:12 am,10.0,1,425.0
779,3/5/2022 9:13 am,10.0,1,153.0
780,3/5/2022 11:12 am,10.0,1,331.89
781,3/5/2022 2:57 pm,10.0,1,1029.91
782,3/5/2022 4:40 pm,10.0,1,600.0
783,3/5/2022 7:11 pm,10.0,1,647.95
784,3/5/2022 9:11 pm,10.0,1,252.0
785,3/5/2022 9:11 pm,10.0,1,567.29
786,3/5/2022 11:12 pm,10.0,1,563.0
787,3/6/2022 9:12 am,10.0,1,240.0
788,3/6/2022 9:12 am,10.0,1,466.65
789,3/6/2022 10:12 am,10.0,1,466.65
790,3/6/2022 12:12 pm,10.0,1,2069.41
791,3/6/2022 3:13 pm,10.0,1,119.87
792,3/6/2022 11:13 pm,10.0,1,975.6
793,3/7/2022 7:14 am,11.0,1,486.62
794,3/7/2022 9:14 am,11.0,1,785.4
795,3/7/2022 11:14 am,11.0,1,663.0
796,3/7/2022 12:14 pm,11.0,1,1139.0
797,3/7/2022 12:14 pm,11.0,1,552.5
798,3/7/2022 1:15 pm,11.0,1,758.0
799,3/7/2022 2:49 pm,11.0,1,798.0
800,3/7/2022 2:51 pm,11.0,1,1251.47
801,3/7/2022 3:07 pm,11.0,1,1017.0
802,3/7/2022 4:10 pm,11.0,1,2141.15
803,3/7/2022 6:12 pm,11.0,1,1592.0
804,3/7/2022 6:12 pm,11.0,1,179.0
805,3/7/2022 6:12 pm,11.0,1,1084.6
806,3/7/2022 6:12 pm,11.0,1,154.0
807,3/8/2022 4:12 am,11.0,1,487.86
808,3/8/2022 6:13 am,11.0,1,214.12
809,3/8/2022 8:12 am,11.0,1,1001.3
810,3/8/2022 8:12 am,11.0,1,250.75
811,3/8/2022 8:44 am,11.0,1,355.72
812,3/8/2022 10:17 am,11.0,1,459.96
813,3/8/2022 10:17 am,11.0,1,107.86
814,3/8/2022 12:12 pm,11.0,1,439.45
815,3/8/2022 12:33 pm,11.0,1,112.0
816,3/8/2022 3:14 pm,11.0,1,1006.74
817,3/8/2022 3:52 pm,11.0,1,0.0
818,3/8/2022 6:12 pm,11.0,1,1258.0
819,3/8/2022 8:13 pm,11.0,1,279.0
820,3/9/2022 9:13 am,11.0,1,153.78
821,3/9/2022 1:23 pm,11.0,1,1258.0
822,3/9/2022 1:39 pm,11.0,1,129.0
823,3/9/2022 3:14 pm,11.0,1,339.15
824,3/10/2022 9:16 am,11.0,1,309.0
825,3/10/2022 11:13 am,11.0,1,218.48
826,3/10/2022 11:13 am,11.0,1,593.3
827,3/10/2022 11:13 am,11.0,1,493.31
828,3/10/2022 4:13 pm,11.0,1,258.37
829,3/10/2022 6:13 pm,11.0,1,667.85
830,3/11/2022 6:13 am,11.0,1,1764.6
831,3/11/2022 11:13 am,11.0,1,984.3
832,3/11/2022 12:00 pm,11.0,1,1218.0
833,3/11/2022 1:12 pm,11.0,1,748.0
834,3/11/2022 1:12 pm,11.0,1,475.4
835,3/11/2022 1:14 pm,11.0,1,325.96
836,3/11/2022 3:13 pm,11.0,1,575.96
837,3/12/2022 8:14 am,11.0,1,87.25
838,3/12/2022 8:14 am,11.0,1,164.47
839,3/12/2022 8:14 am,11.0,1,1559.84
840,3/12/2022 12:13 pm,11.0,1,256.27
841,3/12/2022 2:11 pm,11.0,1,929.0
842,3/12/2022 3:10 pm,11.0,1,985.15
843,3/12/2022 5:14 pm,11.0,1,124.0
844,3/12/2022 5:14 pm,11.0,1,148.0
845,3/12/2022 5:14 pm,11.0,1,5701.63
846,3/12/2022 6:12 pm,11.0,1,1357.36
847,3/13/2022 8:12 am,11.0,1,2453.25
848,3/13/2022 10:12 am,11.0,1,338.4
849,3/13/2022 10:12 am,11.0,1,778.0
850,3/13/2022 10:11 pm,11.0,1,524.52
851,3/14/2022 7:15 am,12.0,1,1588.22
852,3/14/2022 8:13 am,11.0,1,809.2
853,3/14/2022 10:46 am,12.0,1,1758.0
854,3/14/2022 10:49 am,12.0,1,339.0
855,3/14/2022 10:51 am,12.0,1,1558.0
856,3/14/2022 12:06 pm,12.0,1,898.0
857,3/14/2022 12:15 pm,12.0,1,953.0
858,3/14/2022 12:15 pm,12.0,1,449.0
859,3/14/2022 12:39 pm,11.0,1,798.51
860,3/14/2022 12:44 pm,11.0,1,151.81
861,3/14/2022 1:12 pm,12.0,1,168.3
862,3/14/2022 2:12 pm,12.0,1,302.6
863,3/14/2022 2:12 pm,12.0,1,190.4
864,3/14/2022 6:12 pm,12.0,1,678.3
865,3/14/2022 7:13 pm,12.0,1,1256.3
866,3/15/2022 10:11 am,12.0,1,647.78
867,3/15/2022 10:12 am,12.0,1,3130.48
868,3/15/2022 12:14 pm,12.0,1,769.86
869,3/15/2022 1:43 pm,12.0,1,807.89
870,3/15/2022 3:11 pm,12.0,1,1400.0
871,3/15/2022 4:11 pm,12.0,1,864.0
872,3/16/2022 9:11 am,12.0,1,441.15
873,3/16/2022 9:11 am,12.0,1,601.6
874,3/16/2022 1:15 pm,12.0,1,152.91
875,3/16/2022 1:15 pm,12.0,1,2868.6
876,3/16/2022 3:12 pm,12.0,1,96.6
877,3/16/2022 7:10 pm,12.0,1,479.4
878,3/16/2022 8:14 pm,12.0,1,1765.79
879,3/16/2022 8:15 pm,12.0,1,1353.2
880,3/17/2022 8:14 am,12.0,1,1614.15
881,3/17/2022 8:52 am,12.0,1,3311.85
882,3/17/2022 9:10 am,12.0,1,222.96
883,3/17/2022 9:18 am,12.0,1,289.38
884,3/17/2022 10:12 am,12.0,1,439.87
885,3/17/2022 11:14 am,12.0,1,254.85
886,3/17/2022 12:11 pm,12.0,1,179.0
887,3/17/2022 2:03 pm,12.0,1,489.0
888,3/17/2022 3:12 pm,12.0,1,1209.0
889,3/17/2022 4:12 pm,12.0,1,169.15
890,3/17/2022 4:12 pm,12.0,1,1852.15
891,3/17/2022 5:12 pm,12.0,1,622.42
892,3/18/2022 12:12 am,12.0,1,635.2
893,3/18/2022 5:12 am,12.0,1,1093.95
894,3/18/2022 8:15 am,12.0,1,252.0
895,3/18/2022 8:15 am,12.0,1,2115.0
896,3/18/2022 8:21 am,12.0,1,1859.0
897,3/18/2022 8:29 am,12.0,1,2589.0
898,3/18/2022 8:32 am,12.0,1,798.0
899,3/18/2022 8:36 am,12.0,1,1279.0
900,3/18/2022 9:25 am,12.0,1,989.0
901,3/18/2022 9:33 am,12.0,1,641.31
902,3/18/2022 9:45 am,12.0,1,578.0
903,3/18/2022 9:53 am,12.0,1,478.0
904,3/18/2022 11:11 am,12.0,1,650.29
905,3/18/2022 11:12 am,12.0,1,543.15
906,3/18/2022 11:12 am,12.0,1,927.52
907,3/18/2022 12:12 pm,12.0,1,1858.0
908,3/18/2022 12:12 pm,12.0,1,800.95
909,3/18/2022 5:12 pm,12.0,1,530.16
910,3/18/2022 11:12 pm,12.0,1,543.32
911,3/19/2022 8:11 am,12.0,1,355.24
912,3/19/2022 8:11 am,12.0,1,628.15
913,3/19/2022 8:11 am,12.0,1,1492.6
914,3/19/2022 8:11 am,12.0,1,289.0
915,3/19/2022 9:26 am,12.0,1,2490.54
916,3/19/2022 1:10 pm,12.0,1,713.46
917,3/19/2022 3:11 pm,12.0,1,1163.65
918,3/19/2022 3:30 pm,12.0,1,598.0
919,3/19/2022 4:36 pm,12.0,1,419.98
920,3/20/2022 1:11 pm,12.0,1,798.4
921,3/20/2022 2:11 pm,12.0,1,2070.6
922,3/20/2022 3:13 pm,12.0,1,928.44
923,3/20/2022 3:13 pm,12.0,1,121.63
924,3/20/2022 4:12 pm,12.0,1,658.0
925,3/20/2022 4:12 pm,12.0,1,279.35
926,3/20/2022 4:12 pm,12.0,1,279.35
927,3/21/2022 8:15 am,13.0,1,1062.67
928,3/21/2022 10:14 am,13.0,1,1568.37
929,3/21/2022 11:13 am,13.0,1,169.15
930,3/21/2022 12:15 pm,13.0,1,288.15
931,3/21/2022 12:15 pm,13.0,1,266.98
932,3/21/2022 3:12 pm,13.0,1,321.3
933,3/21/2022 4:15 pm,13.0,1,156.96
934,3/21/2022 4:15 pm,13.0,1,1023.12
935,3/21/2022 4:16 pm,13.0,1,307.56
936,3/21/2022 4:16 pm,13.0,1,254.15
937,3/21/2022 5:12 pm,13.0,1,516.0
938,3/21/2022 6:12 pm,13.0,1,475.4
939,3/21/2022 8:12 pm,13.0,1,1945.03
940,3/22/2022 9:13 am,13.0,1,1665.15
941,3/22/2022 9:14 am,13.0,1,822.0
942,3/22/2022 11:11 am,13.0,1,761.94
943,3/22/2022 12:13 pm,13.0,1,319.2
944,3/22/2022 12:13 pm,13.0,1,381.65
945,3/22/2022 1:13 pm,13.0,1,575.1
946,3/22/2022 1:22 pm,13.0,1,364.65
947,3/22/2022 2:11 pm,13.0,1,510.56
948,3/22/2022 6:12 pm,13.0,1,578.29
949,3/22/2022 6:12 pm,13.0,1,272.0
950,3/22/2022 7:13 pm,13.0,1,458.15
951,3/22/2022 11:10 pm,13.0,1,675.75
952,3/23/2022 6:12 am,13.0,1,1324.3
953,3/23/2022 8:01 am,13.0,1,989.0
954,3/23/2022 8:12 am,13.0,1,468.0
955,3/23/2022 8:35 am,13.0,1,1173.0
956,3/23/2022 9:51 am,13.0,1,114.0
957,3/23/2022 11:11 am,13.0,1,686.2
958,3/23/2022 12:11 pm,13.0,1,1456.0
959,3/23/2022 12:24 pm,13.0,1,549.99
960,3/23/2022 12:59 pm,13.0,1,370.8
961,3/23/2022 3:13 pm,13.0,1,178.0
962,3/23/2022 3:16 pm,11.0,1,348.98
963,3/23/2022 6:16 pm,13.0,1,3650.4
964,3/23/2022 7:11 pm,13.0,1,1078.0
965,3/23/2022 7:11 pm,13.0,1,507.51
966,3/23/2022 11:11 pm,13.0,1,1045.66
967,3/24/2022 8:11 am,13.0,1,125.95
968,3/24/2022 11:13 am,13.0,1,1261.5
969,3/24/2022 8:12 pm,13.0,1,667.5
970,3/24/2022 10:11 pm,13.0,1,1013.32
971,3/24/2022 11:13 pm,13.0,1,296.65
972,3/25/2022 12:11 am,13.0,1,467.5
973,3/25/2022 7:14 am,13.0,1,492.15
974,3/25/2022 8:12 am,13.0,1,1178.0
975,3/25/2022 10:11 am,13.0,1,594.0
976,3/25/2022 12:12 pm,13.0,1,2934.36
977,3/25/2022 12:12 pm,13.0,1,192.0
978,3/25/2022 2:13 pm,13.0,1,2471.5
979,3/25/2022 5:11 pm,13.0,1,1220.6
980,3/26/2022 9:15 am,13.0,1,427.2
981,3/26/2022 9:15 am,13.0,1,543.15
982,3/26/2022 12:12 pm,13.0,1,539.0
983,3/26/2022 12:12 pm,13.0,1,1836.0
984,3/26/2022 4:12 pm,13.0,1,271.15
985,3/26/2022 7:12 pm,13.0,1,492.15
986,3/26/2022 8:14 pm,13.0,1,927.52
987,3/27/2022 3:13 am,13.0,1,312.12
988,3/27/2022 7:11 am,13.0,1,211.65
989,3/27/2022 9:12 am,13.0,1,2470.64
990,3/27/2022 10:13 am,13.0,1,733.2
991,3/27/2022 11:12 am,13.0,1,306.6
992,3/27/2022 11:12 am,13.0,1,126.65
993,3/27/2022 1:11 pm,13.0,1,454.84
994,3/27/2022 3:12 pm,13.0,1,266.0
995,3/27/2022 6:12 pm,13.0,1,280.8
996,3/27/2022 6:12 pm,13.0,1,1212.0
997,3/27/2022 7:12 pm,13.0,1,887.36
998,3/28/2022 8:47 am,14.0,1,578.0
999,3/28/2022 9:48 am,14.0,1,289.0
1000,3/28/2022 10:12 am,14.0,1,1588.6
1001,3/28/2022 10:13 am,14.0,1,985.15
1002,3/28/2022 11:10 am,14.0,1,360.0
1003,3/28/2022 11:10 am,14.0,1,2552.4
1004,3/28/2022 1:34 pm,13.0,1,352.0
1005,3/28/2022 2:11 pm,14.0,1,262.65
1006,3/28/2022 2:11 pm,14.0,1,119.0
1007,3/28/2022 2:11 pm,14.0,1,611.15
1008,3/28/2022 3:18 pm,14.0,1,1086.3
1009,3/28/2022 4:15 pm,14.0,1,984.3
1010,3/28/2022 8:13 pm,14.0,1,338.3
1011,3/28/2022 9:12 pm,14.0,1,161.5
1012,3/28/2022 9:41 pm,6.0,1,379.0
1013,3/29/2022 6:13 am,14.0,1,1163.65
1014,3/29/2022 9:17 am,14.0,1,510.0
1015,3/29/2022 11:13 am,14.0,1,1070.23
1016,3/29/2022 11:13 am,14.0,1,304.47
1017,3/29/2022 2:16 pm,14.0,1,2854.3
1018,3/29/2022 3:13 pm,14.0,1,440.0
1019,3/29/2022 3:13 pm,14.0,1,424.91
1020,3/29/2022 3:13 pm,14.0,1,378.81
1021,3/29/2022 7:12 pm,14.0,1,914.03
1022,3/30/2022 8:23 am,14.0,1,289.38
1023,3/30/2022 8:26 am,14.0,1,549.0
1024,3/30/2022 8:34 am,14.0,1,449.0
1025,3/30/2022 10:21 am,14.0,1,501.6
1026,3/30/2022 12:15 pm,14.0,1,675.0
1027,3/30/2022 2:17 pm,14.0,1,900.0
1028,3/30/2022 4:12 pm,14.0,1,1638.8
1029,3/30/2022 6:11 pm,14.0,1,856.8
1030,3/30/2022 7:11 pm,14.0,1,337.46
1031,3/30/2022 9:13 pm,14.0,1,549.72
1032,3/30/2022 9:14 pm,14.0,1,927.52
1033,3/31/2022 12:11 am,14.0,1,475.4
1034,3/31/2022 6:11 am,14.0,1,733.2
1035,3/31/2022 7:15 am,14.0,1,450.0
1036,3/31/2022 10:12 am,14.0,1,775.11
1037,3/31/2022 10:12 am,14.0,1,459.9
1038,3/31/2022 12:03 pm,14.0,1,543.15
1039,3/31/2022 1:12 pm,14.0,1,1857.25
1040,3/31/2022 2:01 pm,14.0,1,598.0
1041,3/31/2022 2:03 pm,14.0,1,2999.0
1042,3/31/2022 2:07 pm,14.0,1,489.0
1043,3/31/2022 2:08 pm,14.0,1,779.0
1044,3/31/2022 2:09 pm,14.0,1,978.0
1045,3/31/2022 2:11 pm,14.0,1,1236.0
1046,3/31/2022 2:12 pm,14.0,1,879.0
1047,3/31/2022 2:13 pm,14.0,1,1098.0
1048,3/31/2022 2:15 pm,14.0,1,978.0
1049,3/31/2022 2:16 pm,14.0,1,519.0
1050,3/31/2022 2:18 pm,14.0,1,1899.0
1051,3/31/2022 2:20 pm,14.0,1,678.0
1052,3/31/2022 2:21 pm,14.0,1,479.0
1053,3/31/2022 2:22 pm,14.0,1,418.0
1054,3/31/2022 2:24 pm,14.0,1,289.0
1055,3/31/2022 2:26 pm,14.0,1,4095.0
1056,3/31/2022 2:27 pm,14.0,1,549.0
1057,3/31/2022 2:29 pm,14.0,1,2959.0
1058,3/31/2022 2:36 pm,14.0,1,1308.15
1059,3/31/2022 3:13 pm,14.0,1,581.58
1060,3/31/2022 5:13 pm,14.0,1,610.06
1061,3/31/2022 5:13 pm,14.0,1,398.0
1062,3/31/2022 6:12 pm,14.0,1,333.76
1063,4/1/2022 9:14 am,14.0,1,546.3
1064,4/1/2022 10:12 am,14.0,1,1317.23
1065,4/1/2022 1:12 pm,14.0,1,699.0
1066,4/1/2022 3:13 pm,14.0,1,656.0
1067,4/1/2022 5:12 pm,14.0,1,197.1
1068,4/1/2022 8:12 pm,14.0,1,1222.64
1069,4/3/2022 7:12 am,14.0,1,458.15
1070,4/3/2022 10:13 am,14.0,1,367.36
1071,4/3/2022 10:13 am,14.0,1,4670.7
1072,4/3/2022 10:36 am,14.0,1,1028.2
1073,4/3/2022 10:41 am,14.0,1,3723.11
1074,4/3/2022 11:10 am,14.0,1,2575.0
1075,4/3/2022 11:12 am,14.0,1,438.0
1076,4/3/2022 11:12 am,14.0,1,1198.0
1077,4/3/2022 11:14 am,14.0,1,449.0
1078,4/3/2022 11:16 am,14.0,1,2653.0
1079,4/3/2022 11:19 am,14.0,1,1529.0
1080,4/3/2022 12:12 pm,14.0,1,754.26
1081,4/3/2022 8:11 pm,14.0,1,142.0
1082,4/3/2022 10:12 pm,14.0,1,1198.0
1083,4/4/2022 6:46 am,15.0,1,246.34
1084,4/4/2022 8:46 am,15.0,1,569.16
1085,4/4/2022 10:09 am,15.0,1,1209.0
1086,4/4/2022 11:12 am,15.0,1,1962.65
1087,4/4/2022 4:14 pm,15.0,1,715.27
1088,4/4/2022 7:15 pm,15.0,1,2884.0
1089,4/4/2022 8:11 pm,15.0,1,184.0
1090,4/5/2022 9:12 am,14.0,1,502.6
1091,4/5/2022 9:14 am,15.0,1,1700.95
1092,4/5/2022 9:14 am,15.0,1,713.15
1093,4/5/2022 9:15 am,15.0,1,722.37
1094,4/5/2022 9:15 am,15.0,1,464.0
1095,4/5/2022 9:15 am,15.0,1,500.65
1096,4/5/2022 9:15 am,15.0,1,1434.8
1097,4/5/2022 4:07 pm,15.0,1,1899.9
1098,4/5/2022 6:13 pm,15.0,1,110.0
1099,4/6/2022 7:16 am,15.0,1,174.93
1100,4/6/2022 7:59 am,15.0,1,328.3
1101,4/6/2022 11:07 am,15.0,1,111.64
1102,4/6/2022 11:15 am,15.0,1,2327.3
1103,4/6/2022 12:31 pm,15.0,1,7803.9
1104,4/6/2022 2:12 pm,15.0,1,396.0
1105,4/6/2022 4:14 pm,15.0,1,741.28
1106,4/6/2022 6:12 pm,15.0,1,189.0
1107,4/7/2022 6:13 am,15.0,1,1188.3
1108,4/7/2022 8:15 am,14.0,1,3987.76
1109,4/7/2022 8:43 am,15.0,1,2820.0
1110,4/7/2022 10:14 am,15.0,1,69.82
1111,4/7/2022 10:15 am,15.0,1,730.55
1112,4/7/2022 10:15 am,15.0,1,849.02
1113,4/7/2022 11:13 am,15.0,1,1460.3
1114,4/7/2022 12:15 pm,15.0,1,544.0
1115,4/7/2022 2:12 pm,15.0,1,1375.3
1116,4/7/2022 2:12 pm,15.0,1,2773.0
1117,4/7/2022 2:50 pm,15.0,1,978.0
1118,4/7/2022 3:06 pm,15.0,1,609.0
1119,4/7/2022 3:13 pm,15.0,1,2517.77
1120,4/7/2022 3:13 pm,15.0,1,251.69
1121,4/7/2022 4:12 pm,15.0,1,458.15
1122,4/7/2022 8:12 pm,15.0,1,4575.0
1123,4/7/2022 8:12 pm,15.0,1,826.2
1124,4/8/2022 4:11 pm,15.0,1,700.2
1125,4/9/2022 9:11 am,15.0,1,358.0
1126,4/9/2022 9:11 am,15.0,1,2422.5
1127,4/9/2022 10:12 am,15.0,1,1244.0
1128,4/9/2022 10:12 am,15.0,1,199.0
1129,4/9/2022 10:12 am,15.0,1,199.0
1130,4/9/2022 1:14 pm,15.0,1,195.46
1131,4/9/2022 1:14 pm,15.0,1,811.68
1132,4/9/2022 9:12 pm,15.0,1,3393.03
1133,4/9/2022 11:11 pm,15.0,1,158.87
1134,4/10/2022 12:14 pm,15.0,1,1597.0
1135,4/10/2022 2:11 pm,15.0,1,496.4
1136,4/10/2022 4:11 pm,15.0,1,1168.0
1137,4/10/2022 6:13 pm,15.0,1,3276.0
1138,4/10/2022 8:12 pm,15.0,1,640.0
1139,4/11/2022 12:12 am,16.0,1,459.0
1140,4/11/2022 12:13 am,16.0,1,77.0
1141,4/11/2022 8:11 am,16.0,1,1074.0
1142,4/11/2022 11:16 am,16.0,1,450.0
1143,4/11/2022 11:16 am,16.0,1,405.0
1144,4/11/2022 12:11 pm,16.0,1,3567.96
1145,4/11/2022 12:32 pm,16.0,1,274.86
1146,4/11/2022 12:42 pm,16.0,1,365.5
1147,4/11/2022 1:12 pm,16.0,1,361.25
1148,4/11/2022 1:45 pm,16.0,1,259.0
1149,4/11/2022 1:46 pm,16.0,1,2198.0
1150,4/11/2022 1:47 pm,16.0,1,1098.0
1151,4/11/2022 1:51 pm,16.0,1,889.0
1152,4/11/2022 1:52 pm,16.0,1,489.0
1153,4/11/2022 1:53 pm,16.0,1,299.0
1154,4/11/2022 1:54 pm,16.0,1,518.0
1155,4/11/2022 1:55 pm,16.0,1,659.0
1156,4/11/2022 2:26 pm,16.0,1,1083.63
1157,4/11/2022 3:12 pm,16.0,1,737.8
1158,4/11/2022 3:12 pm,16.0,1,841.5
1159,4/11/2022 6:14 pm,16.0,1,305.56
1160,4/11/2022 7:13 pm,16.0,1,1035.3
1161,4/11/2022 8:11 pm,16.0,1,1180.0
1162,4/11/2022 9:12 pm,16.0,1,522.75
1163,4/12/2022 6:16 am,16.0,1,475.4
1164,4/12/2022 7:11 am,16.0,1,1033.39
1165,4/12/2022 10:13 am,16.0,1,458.15
1166,4/12/2022 12:15 pm,16.0,1,544.0
1167,4/12/2022 12:35 pm,16.0,1,423.3
1168,4/12/2022 2:06 pm,16.0,1,0.0
1169,4/12/2022 2:11 pm,16.0,1,6020.0
1170,4/12/2022 4:11 pm,16.0,1,957.05
1171,4/12/2022 4:12 pm,16.0,1,441.15
1172,4/12/2022 4:30 pm,16.0,1,1287.0
1173,4/12/2022 4:31 pm,16.0,1,978.0
1174,4/12/2022 4:33 pm,16.0,1,2516.0
1175,4/12/2022 4:34 pm,16.0,1,509.0
1176,4/12/2022 4:37 pm,16.0,1,1558.0
1177,4/12/2022 4:38 pm,16.0,1,578.0
1178,4/12/2022 4:40 pm,16.0,1,2409.0
1179,4/13/2022 11:15 am,16.0,1,3300.0
1180,4/13/2022 11:15 am,16.0,1,563.12
1181,4/13/2022 1:15 pm,16.0,1,3445.05
1182,4/13/2022 4:13 pm,16.0,1,492.15
1183,4/13/2022 7:11 pm,16.0,1,581.3
1184,4/13/2022 8:13 pm,16.0,1,1341.3
1185,4/14/2022 9:15 am,16.0,1,212.46
1186,4/14/2022 1:14 pm,16.0,1,934.98
1187,4/14/2022 3:15 pm,16.0,1,1074.0
1188,4/14/2022 3:15 pm,16.0,1,1970.3
1189,4/14/2022 5:12 pm,16.0,1,796.0
1190,4/14/2022 6:13 pm,16.0,1,1718.4
1191,4/14/2022 9:12 pm,16.0,1,1597.16
1192,4/15/2022 2:11 am,16.0,1,900.15
1193,4/15/2022 8:04 am,16.0,1,0.0
1194,4/15/2022 8:14 am,16.0,1,380.8
1195,4/15/2022 8:50 am,16.0,1,1563.32
1196,4/15/2022 10:13 am,16.0,1,667.45
1197,4/15/2022 12:09 pm,16.0,1,1206.32
1198,4/15/2022 1:13 pm,16.0,1,814.3
1199,4/15/2022 1:14 pm,16.0,1,910.8
1200,4/15/2022 2:11 pm,16.0,1,551.65
1201,4/15/2022 2:11 pm,16.0,1,924.0
1202,4/15/2022 3:12 pm,16.0,1,1099.8
1203,4/15/2022 3:18 pm,16.0,1,200.34
1204,4/15/2022 3:39 pm,16.0,1,1270.41
1205,4/15/2022 5:12 pm,16.0,1,1069.3
1206,4/15/2022 6:12 pm,16.0,1,1249.5
1207,4/15/2022 9:12 pm,16.0,1,679.0
1208,4/16/2022 5:12 am,16.0,1,572.9
1209,4/16/2022 9:12 am,16.0,1,50.0
1210,4/16/2022 10:13 am,16.0,1,35.0
1211,4/16/2022 10:55 am,16.0,1,1269.0
1212,4/16/2022 10:57 am,16.0,1,509.0
1213,4/16/2022 11:00 am,16.0,1,1196.0
1214,4/16/2022 11:06 am,16.0,1,1099.0
1215,4/16/2022 11:11 am,16.0,1,841.5
1216,4/16/2022 1:14 pm,16.0,1,696.15
1217,4/16/2022 4:29 pm,16.0,1,200.13
1218,4/16/2022 6:12 pm,16.0,1,153.78
1219,4/16/2022 6:12 pm,16.0,1,742.56
1220,4/16/2022 8:13 pm,16.0,1,238.4
1221,4/17/2022 7:12 am,16.0,1,1703.4
1222,4/17/2022 10:13 am,16.0,1,578.0
1223,4/17/2022 10:13 am,16.0,1,487.3
1224,4/17/2022 10:13 am,16.0,1,4357.84
1225,4/17/2022 12:13 pm,16.0,1,242.52
1226,4/17/2022 2:10 pm,16.0,1,659.85
1227,4/17/2022 2:10 pm,16.0,1,408.34
1228,4/17/2022 3:12 pm,16.0,1,2196.88
1229,4/17/2022 5:11 pm,16.0,1,643.2
1230,4/17/2022 7:13 pm,16.0,1,271.15
1231,4/18/2022 8:13 am,17.0,1,984.3
1232,4/18/2022 8:13 am,17.0,1,1705.44
1233,4/18/2022 9:24 am,17.0,1,1285.0
1234,4/18/2022 1:07 pm,17.0,1,774.23
1235,4/18/2022 2:13 pm,17.0,1,624.24
1236,4/18/2022 9:11 pm,17.0,1,1137.3
1237,4/18/2022 10:13 pm,17.0,1,2830.0
1238,4/19/2022 6:11 am,17.0,1,1275.0
1239,4/19/2022 12:14 pm,17.0,1,60.0
1240,4/19/2022 3:13 pm,17.0,1,178.5
1241,4/19/2022 3:13 pm,17.0,1,455.0
1242,4/19/2022 6:13 pm,17.0,1,378.67
1243,4/19/2022 6:13 pm,17.0,1,950.81
1244,4/19/2022 7:12 pm,17.0,1,1198.0
1245,4/19/2022 7:13 pm,17.0,1,402.0
1246,4/19/2022 9:12 pm,17.0,1,4760.0
1247,4/19/2022 11:08 pm,10.0,1,2274.0
1248,4/19/2022 11:29 pm,11.0,1,1429.0
1249,4/19/2022 11:31 pm,11.0,1,779.0
1250,4/19/2022 11:32 pm,10.0,1,1089.0
1251,4/19/2022 11:33 pm,10.0,1,1859.01
1252,4/19/2022 11:35 pm,10.0,1,659.0
1253,4/19/2022 11:36 pm,10.0,1,1299.0
1254,4/20/2022 11:12 am,17.0,1,195.46
1255,4/20/2022 12:04 pm,17.0,1,23.5
1256,4/20/2022 1:14 pm,17.0,1,559.95
1257,4/20/2022 5:14 pm,17.0,1,657.29
1258,4/20/2022 9:13 pm,17.0,1,195.41
1259,4/21/2022 4:13 am,17.0,1,1731.0
1260,4/21/2022 7:40 am,17.0,1,1987.82
1261,4/21/2022 7:48 am,17.0,1,394.86
1262,4/21/2022 7:51 am,17.0,1,1293.2
1263,4/21/2022 8:06 am,17.0,1,539.33
1264,4/21/2022 8:14 am,17.0,1,729.28
1265,4/21/2022 8:22 am,17.0,1,2049.36
1266,4/21/2022 8:24 am,17.0,1,920.8
1267,4/21/2022 8:26 am,17.0,1,1106.48
1268,4/21/2022 8:28 am,17.0,1,538.37
1269,4/21/2022 8:51 am,17.0,1,619.53
1270,4/21/2022 8:59 am,16.0,1,1814.6
1271,4/21/2022 11:15 am,17.0,1,939.75
1272,4/21/2022 1:51 pm,17.0,1,488.81
1273,4/21/2022 2:13 pm,17.0,1,467.2
1274,4/21/2022 2:13 pm,17.0,1,1367.65
1275,4/21/2022 2:13 pm,17.0,1,1052.98
1276,4/22/2022 4:12 am,17.0,1,1172.15
1277,4/22/2022 8:13 am,17.0,1,729.0
1278,4/22/2022 9:12 am,17.0,1,891.65
1279,4/22/2022 12:13 pm,17.0,1,1252.9
1280,4/22/2022 12:13 pm,17.0,1,465.0
1281,4/22/2022 12:13 pm,17.0,1,1083.2
1282,4/22/2022 1:13 pm,17.0,1,39.3
1283,4/22/2022 4:21 pm,17.0,1,275.1
1284,4/22/2022 10:11 pm,17.0,1,209.6
1285,4/23/2022 5:12 am,17.0,1,647.95
1286,4/23/2022 7:13 am,17.0,1,1004.06
1287,4/23/2022 9:12 am,17.0,1,719.95
1288,4/23/2022 10:11 am,17.0,1,535.5
1289,4/23/2022 11:10 am,17.0,1,512.4
1290,4/23/2022 4:12 pm,17.0,1,259.2
1291,4/23/2022 6:12 pm,17.0,1,336.6
1292,4/23/2022 9:12 pm,17.0,1,179.0
1293,4/23/2022 9:12 pm,17.0,1,738.65
1294,4/23/2022 9:12 pm,17.0,1,510.0
1295,4/23/2022 11:12 pm,17.0,1,441.15
1296,4/23/2022 11:12 pm,17.0,1,1766.3
1297,4/24/2022 7:13 am,17.0,1,2802.24
1298,4/24/2022 7:14 am,17.0,1,1491.75
1299,4/24/2022 9:13 am,17.0,1,595.0
1300,4/24/2022 1:14 pm,17.0,1,552.72
1301,4/24/2022 5:12 pm,17.0,1,1126.25
1302,4/24/2022 5:13 pm,17.0,1,13634.25
1303,4/24/2022 9:12 pm,17.0,1,1046.7
1304,4/25/2022 8:15 am,18.0,1,403.2
1305,4/25/2022 10:15 am,18.0,1,549.27
1306,4/25/2022 10:15 am,18.0,1,747.15
1307,4/25/2022 11:02 am,18.0,1,0.0
1308,4/25/2022 11:11 am,18.0,1,717.57
1309,4/25/2022 2:12 pm,18.0,1,1573.77
1310,4/25/2022 3:12 pm,18.0,1,1187.08
1311,4/25/2022 3:12 pm,18.0,1,44.95
1312,4/25/2022 8:14 pm,18.0,1,916.3
1313,4/25/2022 10:12 pm,18.0,1,178.5
1314,4/25/2022 10:12 pm,18.0,1,441.91
1315,4/26/2022 5:13 am,18.0,1,678.3
1316,4/26/2022 9:45 am,18.0,1,1004.0
1317,4/26/2022 10:27 am,18.0,1,2760.0
1318,4/26/2022 10:58 am,18.0,1,0.0
1319,4/26/2022 12:11 pm,18.0,1,2050.0
1320,4/26/2022 12:41 pm,18.0,1,765.0
1321,4/26/2022 1:11 pm,18.0,1,438.5
1322,4/26/2022 4:13 pm,18.0,1,558.0
1323,4/26/2022 11:12 pm,18.0,1,165.9
1324,4/26/2022 11:13 pm,18.0,1,1269.0
1325,4/27/2022 2:13 am,18.0,1,3612.5
1326,4/27/2022 8:11 am,18.0,1,719.95
1327,4/27/2022 10:13 am,18.0,1,144.5
1328,4/27/2022 11:13 am,18.0,1,512.0
1329,4/27/2022 11:13 am,18.0,1,208.0
1330,4/27/2022 1:13 pm,18.0,1,251.9
1331,4/27/2022 1:13 pm,18.0,1,509.15
1332,4/27/2022 6:12 pm,18.0,1,9776.7
1333,4/27/2022 11:11 pm,18.0,1,210.24
1334,4/28/2022 7:13 am,18.0,1,401.0
1335,4/28/2022 10:16 am,18.0,1,394.95
1336,4/28/2022 2:14 pm,18.0,1,7560.61
1337,4/28/2022 2:14 pm,18.0,1,310.8
1338,4/28/2022 2:15 pm,18.0,1,99.91
1339,4/28/2022 9:12 pm,18.0,1,721.65
1340,4/29/2022 6:15 am,18.0,1,1024.13
1341,4/29/2022 8:15 am,18.0,1,4483.2
1342,4/29/2022 9:13 am,18.0,1,1099.8
1343,4/29/2022 12:12 pm,18.0,1,310.0
1344,4/29/2022 12:12 pm,18.0,1,3125.02
1345,4/30/2022 8:12 am,18.0,1,996.0
1346,4/30/2022 8:12 am,18.0,1,499.0
1347,4/30/2022 11:12 am,18.0,1,238.0
1348,4/30/2022 1:13 pm,18.0,1,563.12
1349,4/30/2022 8:14 pm,18.0,1,312.9
1350,4/30/2022 8:14 pm,18.0,1,164.0
1351,5/1/2022 7:12 pm,18.0,1,210.0
1352,5/1/2022 7:12 pm,18.0,1,192.0
1353,5/2/2022 10:14 am,19.0,1,940.34
1354,5/2/2022 10:14 am,19.0,1,1577.51
1355,5/2/2022 10:14 am,19.0,1,368.29
1356,5/2/2022 12:14 pm,19.0,1,359.95
1357,5/2/2022 12:14 pm,19.0,1,1405.9
1358,5/2/2022 3:13 pm,19.0,1,1795.2
1359,5/2/2022 3:13 pm,19.0,1,2438.0
1360,5/2/2022 3:13 pm,19.0,1,300.3
1361,5/2/2022 3:13 pm,19.0,1,465.3
1362,5/2/2022 5:11 pm,19.0,1,849.15
1363,5/2/2022 7:13 pm,19.0,1,853.37
1364,5/2/2022 7:13 pm,19.0,1,369.48
1365,5/2/2022 9:11 pm,19.0,1,60.0
1366,5/3/2022 8:14 am,19.0,1,365.96
1367,5/3/2022 9:13 am,19.0,1,562.97
1368,5/3/2022 4:13 pm,19.0,1,628.15
1369,5/3/2022 7:12 pm,19.0,1,359.95
1370,5/4/2022 1:13 am,19.0,1,155.4
1371,5/4/2022 12:12 pm,19.0,1,939.0
1372,5/4/2022 12:12 pm,19.0,1,271.15
1373,5/4/2022 1:13 pm,19.0,1,1768.0
1374,5/4/2022 7:13 pm,19.0,1,50.0
1375,5/4/2022 10:10 pm,19.0,1,759.92
1376,5/4/2022 11:12 pm,19.0,1,298.0
1377,5/5/2022 9:16 am,19.0,1,295.12
1378,5/5/2022 9:16 am,19.0,1,882.3
1379,5/5/2022 11:13 am,19.0,1,396.0
1380,5/5/2022 11:13 am,19.0,1,625.0
1381,5/5/2022 12:13 pm,19.0,1,116.45
1382,5/5/2022 2:10 pm,19.0,1,2132.65
1383,5/5/2022 3:11 pm,19.0,1,119.85
1384,5/5/2022 5:12 pm,19.0,1,756.0
1385,5/5/2022 6:11 pm,19.0,1,2538.0
1386,5/5/2022 6:11 pm,19.0,1,1985.28
1387,5/5/2022 7:13 pm,19.0,1,297.5
1388,5/5/2022 9:13 pm,19.0,1,993.91
1389,5/6/2022 8:13 am,19.0,1,1766.25
1390,5/6/2022 12:13 pm,19.0,1,360.0
1391,5/6/2022 12:13 pm,19.0,1,438.0
1392,5/6/2022 1:12 pm,19.0,1,150.0
1393,5/6/2022 3:15 pm,19.0,1,350.0
1394,5/6/2022 3:15 pm,19.0,1,942.65
1395,5/6/2022 4:10 pm,19.0,1,530.0
1396,5/7/2022 8:13 am,19.0,1,796.0
1397,5/7/2022 8:13 am,19.0,1,990.67
1398,5/7/2022 8:13 am,19.0,1,1445.36
1399,5/7/2022 4:12 pm,19.0,1,2602.86
1400,5/7/2022 5:12 pm,19.0,1,229.46
1401,5/7/2022 7:11 pm,19.0,1,489.6
1402,5/7/2022 8:11 pm,19.0,1,725.68
1403,5/7/2022 8:11 pm,19.0,1,927.52
1404,5/8/2022 5:13 am,19.0,1,721.65
1405,5/8/2022 9:12 am,19.0,1,1036.15
1406,5/8/2022 12:10 pm,19.0,1,699.0
1407,5/8/2022 4:15 pm,19.0,1,199.0
1408,5/8/2022 8:12 pm,19.0,1,1468.8
1409,5/9/2022 7:11 am,20.0,1,302.4
1410,5/9/2022 9:13 am,20.0,1,840.0
1411,5/9/2022 10:43 am,19.0,1,721.65
1412,5/9/2022 12:10 pm,19.0,1,724.0
1413,5/9/2022 12:22 pm,19.0,1,604.0
1414,5/9/2022 12:30 pm,19.0,1,89.8
1415,5/9/2022 1:12 pm,20.0,1,1069.3
1416,5/9/2022 1:12 pm,20.0,1,676.0
1417,5/9/2022 1:51 pm,20.0,1,2062.24
1418,5/9/2022 3:39 pm,20.0,1,1840.0
1419,5/9/2022 3:50 pm,20.0,1,825.0
1420,5/9/2022 3:58 pm,19.0,1,1995.0
1421,5/9/2022 4:13 pm,20.0,1,302.4
1422,5/9/2022 4:13 pm,20.0,1,380.0
1423,5/9/2022 7:12 pm,20.0,1,275.4
1424,5/9/2022 7:12 pm,20.0,1,425.0
1425,5/10/2022 9:13 am,20.0,1,618.0
1426,5/10/2022 10:31 am,20.0,1,274.0
1427,5/10/2022 10:45 am,16.0,1,1429.0
1428,5/10/2022 10:50 am,16.0,1,779.0
1429,5/10/2022 11:36 am,20.0,1,559.3
1430,5/10/2022 4:11 pm,20.0,1,1086.3
1431,5/10/2022 5:11 pm,20.0,1,1849.0
1432,5/10/2022 6:11 pm,20.0,1,360.0
1433,5/10/2022 6:11 pm,20.0,1,1781.6
1434,5/11/2022 7:13 am,20.0,1,478.12
1435,5/11/2022 7:14 am,20.0,1,1262.76
1436,5/11/2022 8:40 am,20.0,1,0.0
1437,5/11/2022 8:49 am,20.0,1,358.8
1438,5/11/2022 9:13 am,20.0,1,285.6
1439,5/11/2022 9:13 am,20.0,1,486.62
1440,5/11/2022 10:13 am,20.0,1,1594.24
1441,5/11/2022 12:11 pm,20.0,1,2090.0
1442,5/11/2022 1:13 pm,20.0,1,1377.0
1443,5/11/2022 3:13 pm,20.0,1,1069.3
1444,5/11/2022 8:14 pm,20.0,1,1250.0
1445,5/12/2022 6:12 am,20.0,1,1180.65
1446,5/12/2022 2:13 pm,20.0,1,2857.8
1447,5/12/2022 7:13 pm,20.0,1,195.46
1448,5/13/2022 4:11 pm,20.0,1,538.0
1449,5/13/2022 4:11 pm,20.0,1,1539.0
1450,5/14/2022 10:11 am,20.0,1,1945.65
1451,5/14/2022 10:41 am,20.0,1,193.8
1452,5/14/2022 11:22 am,20.0,1,1206.32
1453,5/14/2022 2:14 pm,20.0,1,1770.72
1454,5/14/2022 2:14 pm,20.0,1,304.3
1455,5/14/2022 5:11 pm,20.0,1,249.77
1456,5/14/2022 11:10 pm,20.0,1,1375.3
1457,5/15/2022 4:11 pm,20.0,1,569.0
1458,5/15/2022 7:13 pm,20.0,1,559.3
1459,5/15/2022 7:13 pm,20.0,1,1912.5
1460,5/16/2022 7:12 am,21.0,1,105.0
1461,5/16/2022 7:12 am,21.0,1,1798.0
1462,5/16/2022 8:12 am,21.0,1,2141.15
1463,5/16/2022 9:29 am,20.0,1,308.12
1464,5/16/2022 9:55 am,21.0,1,386.0
1465,5/16/2022 12:26 pm,20.0,1,492.15
1466,5/16/2022 12:47 pm,19.0,1,522.75
1467,5/16/2022 2:02 pm,21.0,1,65.0
1468,5/16/2022 6:12 pm,21.0,1,581.2
1469,5/16/2022 8:12 pm,21.0,1,1061.88
1470,5/16/2022 8:12 pm,21.0,1,1510.45
1471,5/16/2022 10:11 pm,21.0,1,610.06
1472,5/17/2022 7:08 am,21.0,1,569.16
1473,5/17/2022 7:27 am,21.0,1,366.0
1474,5/17/2022 9:02 am,21.0,1,0.0
1475,5/17/2022 9:12 am,21.0,1,45.73
1476,5/17/2022 10:12 am,21.0,1,5964.8
1477,5/17/2022 10:12 am,21.0,1,1133.6
1478,5/17/2022 1:17 pm,21.0,1,221.34
1479,5/17/2022 1:17 pm,21.0,1,590.75
1480,5/17/2022 2:33 pm,21.0,1,551.64
1481,5/17/2022 2:42 pm,21.0,1,231.17
1482,5/17/2022 4:11 pm,21.0,1,415.65
1483,5/17/2022 4:11 pm,21.0,1,199.0
1484,5/18/2022 12:12 am,21.0,1,600.1
1485,5/18/2022 6:13 am,21.0,1,598.0
1486,5/18/2022 7:13 am,21.0,1,765.0
1487,5/18/2022 10:30 am,19.0,1,927.0
1488,5/18/2022 1:13 pm,21.0,1,628.32
1489,5/18/2022 1:13 pm,21.0,1,1326.0
1490,5/18/2022 4:14 pm,21.0,1,1047.2
1491,5/18/2022 4:14 pm,21.0,1,29.16
1492,5/18/2022 4:59 pm,21.0,1,391.0
1493,5/18/2022 6:12 pm,21.0,1,2062.24
1494,5/18/2022 9:12 pm,21.0,1,305.23
1495,5/18/2022 11:11 pm,21.0,1,208.85
1496,5/18/2022 11:11 pm,21.0,1,495.0
1497,5/19/2022 8:18 am,21.0,1,411.38
1498,5/19/2022 8:48 am,21.0,1,0.0
1499,5/19/2022 9:14 am,21.0,1,1698.0
1500,5/19/2022 10:11 am,21.0,1,3195.0
1501,5/19/2022 11:13 am,21.0,1,304.0
1502,5/19/2022 1:11 pm,21.0,1,2136.0
1503,5/19/2022 2:15 pm,21.0,1,2345.32
1504,5/19/2022 2:15 pm,21.0,1,1567.2
1505,5/19/2022 2:15 pm,21.0,1,2748.25
1506,5/19/2022 4:12 pm,21.0,1,930.24
1507,5/19/2022 4:12 pm,21.0,1,49.95
1508,5/19/2022 8:11 pm,21.0,1,91.5
1509,5/19/2022 8:11 pm,21.0,1,1700.95
1510,5/20/2022 3:13 am,21.0,1,750.0
1511,5/20/2022 9:12 am,21.0,1,561.38
1512,5/20/2022 10:11 am,21.0,1,550.7
1513,5/20/2022 10:11 am,21.0,1,790.56
1514,5/20/2022 1:11 pm,21.0,1,225.0
1515,5/20/2022 2:10 pm,21.0,1,567.2
1516,5/20/2022 4:10 pm,21.0,1,1389.6
1517,5/20/2022 7:11 pm,21.0,1,3117.6
1518,5/20/2022 11:10 pm,21.0,1,3897.6
1519,5/21/2022 11:13 am,21.0,1,216.9
1520,5/21/2022 3:14 pm,21.0,1,1000.0
1521,5/21/2022 6:11 pm,21.0,1,488.71
1522,5/21/2022 6:11 pm,21.0,1,883.6
1523,5/21/2022 10:12 pm,21.0,1,1406.4
1524,5/22/2022 6:11 am,21.0,1,1314.0
1525,5/22/2022 6:11 am,21.0,1,3802.18
1526,5/22/2022 9:10 am,21.0,1,4224.24
1527,5/22/2022 10:14 am,21.0,1,892.5
1528,5/22/2022 11:12 am,21.0,1,484.46
1529,5/22/2022 6:12 pm,21.0,1,359.95
1530,5/22/2022 8:12 pm,21.0,1,2392.75
1531,5/22/2022 8:12 pm,21.0,1,688.5
1532,5/23/2022 6:12 am,22.0,1,839.2
1533,5/23/2022 8:16 am,22.0,1,553.52
1534,5/23/2022 10:13 am,22.0,1,5884.56
1535,5/23/2022 10:13 am,22.0,1,1200.0
1536,5/23/2022 10:13 am,22.0,1,383.2
1537,5/23/2022 12:17 pm,22.0,1,398.65
1538,5/23/2022 1:47 pm,21.0,1,308.12
1539,5/23/2022 2:10 pm,22.0,1,775.0
1540,5/23/2022 3:13 pm,22.0,1,3294.6
1541,5/23/2022 3:24 pm,22.0,1,600.0
1542,5/23/2022 7:11 pm,22.0,1,170.1
1543,5/23/2022 8:13 pm,22.0,1,2023.2
1544,5/23/2022 8:13 pm,22.0,1,1170.0
1545,5/23/2022 8:13 pm,22.0,1,339.15
1546,5/24/2022 12:12 am,22.0,1,7356.0
1547,5/24/2022 7:12 am,22.0,1,1474.2
1548,5/24/2022 7:12 am,22.0,1,5851.2
1549,5/24/2022 1:13 pm,22.0,1,575.28
1550,5/24/2022 2:12 pm,22.0,1,668.8
1551,5/24/2022 3:13 pm,22.0,1,478.46
1552,5/24/2022 5:10 pm,22.0,1,53.25
1553,5/25/2022 12:12 am,22.0,1,551.65
1554,5/25/2022 9:07 am,22.0,1,2072.16
1555,5/25/2022 9:17 am,22.0,1,1332.12
1556,5/25/2022 9:17 am,22.0,1,872.64
1557,5/25/2022 11:11 am,22.0,1,137.45
1558,5/25/2022 11:11 am,22.0,1,2198.66
1559,5/25/2022 11:28 am,22.0,1,1600.0
1560,5/25/2022 12:13 pm,22.0,1,1861.84
1561,5/25/2022 12:13 pm,22.0,1,495.0
1562,5/25/2022 2:15 pm,22.0,1,1070.4
1563,5/25/2022 2:15 pm,22.0,1,180.92
1564,5/25/2022 3:14 pm,22.0,1,994.5
1565,5/25/2022 7:13 pm,22.0,1,2214.0
1566,5/25/2022 7:13 pm,22.0,1,1795.2
1567,5/25/2022 7:13 pm,22.0,1,513.35
1568,5/25/2022 9:13 pm,22.0,1,384.0
1569,5/25/2022 11:10 pm,22.0,1,547.2
1570,5/26/2022 11:16 am,22.0,1,318.4
1571,5/26/2022 12:13 pm,22.0,1,360.0
1572,5/26/2022 1:14 pm,22.0,1,366.52
1573,5/26/2022 3:12 pm,22.0,1,1320.9
1574,5/26/2022 3:12 pm,22.0,1,69.82
1575,5/26/2022 3:12 pm,22.0,1,201.0
1576,5/26/2022 7:11 pm,22.0,1,414.0
1577,5/27/2022 7:15 am,22.0,1,176.0
1578,5/27/2022 8:10 am,22.0,1,593.3
1579,5/27/2022 10:17 am,22.0,1,1416.96
1580,5/27/2022 2:14 pm,22.0,1,1920.0
1581,5/27/2022 2:14 pm,22.0,1,243.95
1582,5/27/2022 2:14 pm,22.0,1,279.2
1583,5/27/2022 2:15 pm,22.0,1,1532.8
1584,5/27/2022 6:12 pm,22.0,1,324.87
1585,5/27/2022 7:14 pm,22.0,1,327.25
1586,5/27/2022 7:14 pm,22.0,1,430.4
1587,5/27/2022 10:13 pm,22.0,1,1457.0
1588,5/28/2022 7:12 am,22.0,1,398.65
1589,5/28/2022 8:12 am,22.0,1,714.0
1590,5/28/2022 10:55 am,22.0,1,2111.6
1591,5/28/2022 11:05 am,22.0,1,1287.75
1592,5/28/2022 11:10 am,22.0,1,459.33
1593,5/28/2022 11:12 am,22.0,1,2111.6
1594,5/28/2022 2:11 pm,22.0,1,2119.2
1595,5/28/2022 3:13 pm,22.0,1,305.23
1596,5/28/2022 3:13 pm,22.0,1,2206.4
1597,5/28/2022 3:13 pm,22.0,1,9843.76
1598,5/28/2022 3:13 pm,22.0,1,441.15
1599,5/28/2022 3:48 pm,22.0,1,308.12
1600,5/28/2022 4:13 pm,22.0,1,432.0
1601,5/28/2022 6:11 pm,22.0,1,559.2
1602,5/28/2022 6:11 pm,22.0,1,172.8
1603,5/28/2022 10:13 pm,22.0,1,523.2
1604,5/28/2022 11:11 pm,22.0,1,975.2
1605,5/28/2022 11:11 pm,22.0,1,1857.25
1606,5/29/2022 8:33 am,22.0,1,719.95
1607,5/29/2022 9:13 am,22.0,1,587.2
1608,5/29/2022 11:12 am,22.0,1,764.8
1609,5/30/2022 8:17 am,23.0,1,550.4
1610,5/30/2022 11:13 am,23.0,1,313.65
1611,5/30/2022 12:13 pm,23.0,1,270.4
1612,5/30/2022 12:13 pm,23.0,1,310.64
1613,5/30/2022 2:15 pm,23.0,1,559.2
1614,5/30/2022 5:11 pm,23.0,1,925.2
1615,5/30/2022 5:11 pm,23.0,1,3870.0
1616,5/30/2022 5:11 pm,23.0,1,331.46
1617,5/30/2022 5:12 pm,23.0,1,2028.58
1618,5/30/2022 6:10 pm,23.0,1,694.08
1619,5/30/2022 8:12 pm,23.0,1,483.65
1620,5/31/2022 12:11 am,23.0,1,255.0
1621,5/31/2022 8:16 am,23.0,1,2136.29
1622,5/31/2022 8:37 am,22.0,1,3108.96
1623,5/31/2022 8:42 am,22.0,1,1141.55
1624,5/31/2022 9:04 am,23.0,1,1447.55
1625,5/31/2022 10:18 am,23.0,1,318.4
1626,5/31/2022 10:18 am,23.0,1,371.33
1627,5/31/2022 12:16 pm,23.0,1,2413.6
1628,5/31/2022 12:21 pm,23.0,1,27.75
1629,5/31/2022 1:25 pm,23.0,1,116.03
1630,5/31/2022 4:13 pm,23.0,1,1864.76
1631,5/31/2022 9:12 pm,23.0,1,1643.2
1632,5/31/2022 9:12 pm,23.0,1,1494.4
1633,5/31/2022 9:12 pm,23.0,1,329.76
1634,6/1/2022 10:13 am,23.0,1,688.0
1635,6/1/2022 10:13 am,23.0,1,1689.28
1636,6/1/2022 10:13 am,23.0,1,649.57
1637,6/1/2022 10:13 am,23.0,1,390.4
1638,6/1/2022 10:13 am,23.0,1,197.96
1639,6/1/2022 10:13 am,23.0,1,1394.4
1640,6/1/2022 11:11 am,23.0,1,5268.91
1641,6/1/2022 12:10 pm,23.0,1,326.4
1642,6/1/2022 1:15 pm,23.0,1,212.5
1643,6/1/2022 1:15 pm,23.0,1,869.0
1644,6/1/2022 4:12 pm,23.0,1,453.6
1645,6/1/2022 4:12 pm,23.0,1,2413.28
1646,6/1/2022 11:11 pm,23.0,1,1185.75
1647,6/2/2022 6:12 am,23.0,1,315.2
1648,6/2/2022 10:14 am,23.0,1,199.0
1649,6/2/2022 12:15 pm,23.0,1,382.5
1650,6/2/2022 12:15 pm,23.0,1,2354.5
1651,6/2/2022 4:12 pm,23.0,1,572.22
1652,6/2/2022 5:12 pm,23.0,1,119.7
1653,6/2/2022 5:12 pm,23.0,1,759.0
1654,6/2/2022 8:14 pm,23.0,1,246.0
1655,6/3/2022 10:13 am,23.0,1,2240.0
1656,6/3/2022 10:13 am,23.0,1,634.5
1657,6/3/2022 10:14 am,23.0,1,879.0
1658,6/3/2022 2:14 pm,23.0,1,307.56
1659,6/3/2022 2:48 pm,23.0,1,2056.09
1660,6/3/2022 4:10 pm,23.0,1,442.17
1661,6/3/2022 5:14 pm,23.0,1,861.9
1662,6/3/2022 11:11 pm,23.0,1,650.25
1663,6/4/2022 9:14 am,23.0,1,3690.0
1664,6/4/2022 10:14 am,23.0,1,555.0
1665,6/4/2022 10:14 am,23.0,1,594.15
1666,6/4/2022 6:12 pm,23.0,1,2355.0
1667,6/4/2022 10:12 pm,23.0,1,1249.5
1668,6/5/2022 12:12 am,23.0,1,505.75
1669,6/5/2022 12:12 am,23.0,1,2914.96
1670,6/5/2022 5:12 am,23.0,1,420.75
1671,6/5/2022 7:11 am,23.0,1,364.65
1672,6/5/2022 1:12 pm,23.0,1,326.4
1673,6/5/2022 7:12 pm,23.0,1,478.12
1674,6/5/2022 7:12 pm,23.0,1,1125.0
1675,6/5/2022 9:11 pm,23.0,1,229.46
1676,6/6/2022 12:13 am,24.0,1,431.46
1677,6/6/2022 12:13 am,24.0,1,252.11
1678,6/6/2022 6:17 am,24.0,1,499.0
1679,6/6/2022 7:15 am,24.0,1,806.65
1680,6/6/2022 11:13 am,24.0,1,582.25
1681,6/6/2022 11:13 am,24.0,1,1887.0
1682,6/6/2022 3:11 pm,24.0,1,2111.6
1683,6/6/2022 11:12 pm,24.0,1,2154.24
1684,6/7/2022 11:58 am,24.0,1,220.0
1685,6/7/2022 1:13 pm,24.0,1,2486.25
1686,6/7/2022 2:13 pm,24.0,1,1212.0
1687,6/7/2022 2:13 pm,24.0,1,431.1
1688,6/7/2022 6:11 pm,24.0,1,424.57
1689,6/7/2022 9:13 pm,24.0,1,505.75
1690,6/7/2022 11:13 pm,24.0,1,1075.25
1691,6/8/2022 7:12 am,24.0,1,859.0
1692,6/8/2022 12:11 pm,24.0,1,615.7
1693,6/8/2022 1:55 pm,24.0,1,276.25
1694,6/8/2022 2:13 pm,24.0,1,620.5
1695,6/8/2022 5:12 pm,24.0,1,79.26
1696,6/8/2022 8:11 pm,24.0,1,252.0
1697,6/8/2022 11:14 pm,24.0,1,480.0
1698,6/8/2022 11:14 pm,24.0,1,300.0
1699,6/8/2022 11:14 pm,24.0,1,476.7
1700,6/9/2022 8:43 am,24.0,1,594.15
1701,6/9/2022 10:13 am,24.0,1,877.02
1702,6/9/2022 10:13 am,24.0,1,505.75
1703,6/9/2022 1:12 pm,24.0,1,479.0
1704,6/9/2022 2:12 pm,24.0,1,467.1
1705,6/9/2022 3:48 pm,24.0,1,412.0
1706,6/9/2022 10:12 pm,24.0,1,1198.0
1707,6/9/2022 10:12 pm,24.0,1,573.75
1708,6/10/2022 7:40 am,24.0,1,1860.32
1709,6/10/2022 9:14 am,24.0,1,1296.0
1710,6/10/2022 10:16 am,24.0,1,1178.64
1711,6/10/2022 12:12 pm,24.0,1,2291.6
1712,6/10/2022 12:12 pm,24.0,1,308.12
1713,6/10/2022 3:12 pm,24.0,1,657.06
1714,6/10/2022 6:10 pm,24.0,1,182.0
1715,6/11/2022 10:15 am,24.0,1,1075.36
1716,6/11/2022 11:32 am,24.0,1,675.65
1717,6/11/2022 1:13 pm,24.0,1,435.0
1718,6/11/2022 2:12 pm,24.0,1,1040.0
1719,6/11/2022 2:12 pm,24.0,1,1147.5
1720,6/11/2022 9:11 pm,24.0,1,333.9
1721,6/12/2022 4:15 pm,24.0,1,879.0
1722,6/12/2022 6:13 pm,24.0,1,2304.94
1723,6/13/2022 2:13 am,25.0,1,1566.0
1724,6/13/2022 10:11 am,25.0,1,782.0
1725,6/13/2022 10:11 am,25.0,1,2230.2
1726,6/13/2022 4:13 pm,25.0,1,1100.0
1727,6/13/2022 5:12 pm,25.0,1,612.0
1728,6/13/2022 9:11 pm,25.0,1,528.0
1729,6/14/2022 2:13 am,25.0,1,590.75
1730,6/14/2022 9:10 am,25.0,1,354.02
1731,6/14/2022 7:11 pm,25.0,1,109.2
1732,6/15/2022 7:11 am,25.0,1,425.0
1733,6/15/2022 8:22 am,25.0,1,312.9
1734,6/15/2022 1:11 pm,25.0,1,420.75
1735,6/15/2022 5:10 pm,25.0,1,1406.75
1736,6/15/2022 5:10 pm,25.0,1,135.0
1737,6/16/2022 5:15 pm,25.0,1,510.0
1738,6/16/2022 9:11 pm,25.0,1,315.0
1739,6/17/2022 11:16 am,25.0,1,2470.64
1740,6/17/2022 2:13 pm,25.0,1,384.3
1741,6/17/2022 2:26 pm,25.0,1,1165.5
1742,6/18/2022 12:12 pm,25.0,1,112.77
1743,6/18/2022 6:10 pm,25.0,1,411.4
1744,6/19/2022 4:12 pm,25.0,1,106.2
1745,6/20/2022 7:47 am,25.0,1,1496.16
1746,6/20/2022 8:08 am,25.0,1,403.75
1747,6/20/2022 9:27 am,26.0,1,615.0
1748,6/20/2022 2:13 pm,26.0,1,405.0
1749,6/20/2022 5:12 pm,26.0,1,484.46
1750,6/20/2022 6:12 pm,26.0,1,217.6
1751,6/20/2022 8:10 pm,26.0,1,373.15
1752,6/20/2022 10:11 pm,26.0,1,439.95
1753,6/20/2022 11:17 pm,26.0,1,1399.95
1754,6/21/2022 3:12 am,26.0,1,42.3
1755,6/21/2022 11:12 am,26.0,1,483.65
1756,6/21/2022 12:12 pm,26.0,1,628.96
1757,6/21/2022 3:10 pm,26.0,1,496.4
1758,6/22/2022 12:11 am,26.0,1,561.0
1759,6/22/2022 11:16 am,26.0,1,1300.56
1760,6/22/2022 12:10 pm,26.0,1,60.0
1761,6/22/2022 12:11 pm,26.0,1,1795.2
1762,6/22/2022 2:17 pm,26.0,1,3695.12
1763,6/22/2022 2:17 pm,26.0,1,670.65
1764,6/22/2022 3:21 pm,26.0,1,33.6
1765,6/22/2022 10:13 pm,26.0,1,135.0
1766,6/23/2022 11:14 am,26.0,1,195.9
1767,6/23/2022 4:12 pm,26.0,1,1742.5
1768,6/24/2022 10:18 am,26.0,1,98.26
1769,6/24/2022 10:18 am,26.0,1,862.4
1770,6/24/2022 12:12 pm,26.0,1,559.2
1771,6/24/2022 2:12 pm,26.0,1,607.73
1772,6/24/2022 5:13 pm,26.0,1,591.2
1773,6/24/2022 7:12 pm,26.0,1,791.2
1774,6/24/2022 7:12 pm,26.0,1,3336.25
1775,6/24/2022 7:12 pm,26.0,1,1103.2
1776,6/24/2022 9:12 pm,26.0,1,2079.2
1777,6/24/2022 9:12 pm,26.0,1,1795.2
1778,6/25/2022 5:13 am,26.0,1,1224.9
1779,6/25/2022 10:11 am,26.0,1,2111.6
1780,6/25/2022 11:12 am,26.0,1,365.46
1781,6/25/2022 2:57 pm,26.0,1,1099.05
1782,6/25/2022 4:12 pm,26.0,1,1045.84
1783,6/25/2022 4:12 pm,26.0,1,532.08
1784,6/25/2022 8:12 pm,26.0,1,607.73
1785,6/25/2022 8:12 pm,26.0,1,2470.64
1786,6/26/2022 2:12 am,26.0,1,114.0
1787,6/26/2022 9:14 am,26.0,1,362.5
1788,6/26/2022 1:11 pm,26.0,1,2062.24
1789,6/26/2022 1:11 pm,26.0,1,420.75
1790,6/26/2022 3:12 pm,26.0,1,12.0
1791,6/26/2022 4:13 pm,26.0,1,4647.37
1792,6/26/2022 7:13 pm,26.0,1,1511.28
1793,6/26/2022 10:13 pm,26.0,1,833.76
1794,6/26/2022 10:13 pm,26.0,1,833.76
1795,6/26/2022 10:14 pm,26.0,1,926.4
1796,6/27/2022 9:11 am,27.0,1,1257.0
1797,6/27/2022 11:19 am,27.0,1,638.4
1798,6/27/2022 1:18 pm,27.0,1,877.68
1799,6/27/2022 2:13 pm,27.0,1,282.0
1800,6/27/2022 3:13 pm,27.0,1,697.0
1801,6/27/2022 4:13 pm,27.0,1,359.95
1802,6/27/2022 4:13 pm,27.0,1,1073.04
1803,6/27/2022 4:13 pm,27.0,1,717.57
1804,6/27/2022 6:12 pm,27.0,1,2850.9
1805,6/27/2022 8:14 pm,27.0,1,457.0
1806,6/28/2022 8:12 am,27.0,1,617.61
1807,6/28/2022 12:17 pm,27.0,1,354.02
1808,6/28/2022 1:01 pm,27.0,1,2470.64
1809,6/28/2022 1:46 pm,27.0,1,464.0
1810,6/28/2022 2:29 pm,27.0,1,773.28
1811,6/28/2022 3:15 pm,27.0,1,1118.4
1812,6/28/2022 6:14 pm,27.0,1,2030.78
1813,6/28/2022 9:14 pm,27.0,1,980.0
1814,6/28/2022 11:15 pm,27.0,1,1795.2
1815,6/29/2022 7:14 am,27.0,1,1080.62
1816,6/29/2022 8:19 am,27.0,1,379.8
1817,6/29/2022 8:30 am,27.0,1,191.2
1818,6/29/2022 9:11 am,27.0,1,1037.01
1819,6/29/2022 12:13 pm,27.0,1,2225.17
1820,6/29/2022 12:13 pm,27.0,1,1105.0
1821,6/29/2022 1:30 pm,27.0,1,184.0
1822,6/29/2022 2:11 pm,27.0,1,219.0
1823,6/29/2022 2:11 pm,27.0,1,2591.0
1824,6/29/2022 3:49 pm,27.0,1,280.0
1825,6/29/2022 4:12 pm,27.0,1,810.66
1826,6/29/2022 7:12 pm,27.0,1,969.98
1827,6/29/2022 9:12 pm,27.0,1,555.73
1828,6/29/2022 9:12 pm,27.0,1,6431.04
1829,6/30/2022 11:18 am,27.0,1,535.2
1830,6/30/2022 1:17 pm,27.0,1,911.88
1831,6/30/2022 3:16 pm,27.0,1,0.0
1832,6/30/2022 4:03 pm,27.0,1,851.44
1833,6/30/2022 4:12 pm,27.0,1,841.5
1834,6/30/2022 8:10 pm,27.0,1,463.2
1835,7/1/2022 6:12 am,27.0,1,5232.94
1836,7/1/2022 8:46 am,27.0,1,153.0
1837,7/1/2022 12:12 pm,27.0,1,295.12
1838,7/1/2022 1:16 pm,27.0,1,1878.16
1839,7/1/2022 3:11 pm,27.0,1,2111.6
1840,7/1/2022 3:12 pm,27.0,1,862.92
1841,7/1/2022 3:13 pm,27.0,1,679.97
1842,7/1/2022 3:13 pm,27.0,1,551.65
1843,7/1/2022 5:12 pm,27.0,1,432.4
1844,7/1/2022 5:12 pm,27.0,1,357.64
1845,7/1/2022 6:11 pm,27.0,1,1073.04
1846,7/1/2022 6:11 pm,27.0,1,278.8
1847,7/1/2022 8:13 pm,27.0,1,2133.84
1848,7/1/2022 8:13 pm,27.0,1,1719.72
1849,7/1/2022 9:11 pm,27.0,1,1437.52
1850,7/2/2022 2:12 am,27.0,1,433.84
1851,7/2/2022 12:12 pm,27.0,1,1644.24
1852,7/2/2022 2:13 pm,27.0,1,1059.44
1853,7/2/2022 6:11 pm,27.0,1,115.6
1854,7/2/2022 6:11 pm,27.0,1,446.25
1855,7/2/2022 8:11 pm,27.0,1,678.64
1856,7/2/2022 8:12 pm,27.0,1,715.27
1857,7/3/2022 12:14 am,27.0,1,149.0
1858,7/3/2022 1:11 am,27.0,1,992.8
1859,7/3/2022 10:14 am,27.0,1,531.05
1860,7/3/2022 10:50 am,27.0,1,3015.8
1861,7/3/2022 11:16 am,27.0,1,1046.52
1862,7/3/2022 12:14 pm,27.0,1,485.77
1863,7/3/2022 12:14 pm,27.0,1,787.53
1864,7/3/2022 3:14 pm,27.0,1,771.77
1865,7/3/2022 3:14 pm,27.0,1,556.92
1866,7/3/2022 3:38 pm,27.0,1,1699.29
1867,7/3/2022 5:12 pm,27.0,1,1062.46
1868,7/3/2022 6:12 pm,27.0,1,352.92
1869,7/3/2022 8:11 pm,27.0,1,335.2
1870,7/3/2022 9:11 pm,27.0,1,158.4
1871,7/4/2022 6:12 am,27.0,1,807.46
1872,7/4/2022 7:13 am,28.0,1,1725.6
1873,7/4/2022 10:13 am,28.0,1,297.6
1874,7/4/2022 10:13 am,28.0,1,645.98
1875,7/4/2022 10:13 am,28.0,1,535.5
1876,7/4/2022 11:30 am,28.0,1,1085.48
1877,7/4/2022 11:34 am,28.0,1,4890.56
1878,7/4/2022 12:13 pm,28.0,1,253.3
1879,7/4/2022 12:14 pm,28.0,1,502.52
1880,7/4/2022 12:14 pm,28.0,1,651.44
1881,7/4/2022 12:14 pm,28.0,1,1208.39
1882,7/4/2022 4:13 pm,28.0,1,1819.0
1883,7/4/2022 5:14 pm,28.0,1,2808.0
1884,7/4/2022 5:15 pm,28.0,1,2686.0
1885,7/4/2022 5:15 pm,28.0,1,3200.25
1886,7/4/2022 5:15 pm,28.0,1,505.75
1887,7/4/2022 5:15 pm,28.0,1,467.5
1888,7/4/2022 8:39 pm,28.0,1,1195.44
1889,7/4/2022 8:53 pm,28.0,1,51.96
1890,7/4/2022 10:12 pm,28.0,1,651.2
1891,7/4/2022 10:12 pm,28.0,1,576.64
1892,7/4/2022 11:14 pm,28.0,1,1005.04
1893,7/5/2022 7:14 am,28.0,1,822.12
1894,7/5/2022 7:14 am,28.0,1,91.03
1895,7/5/2022 8:13 am,28.0,1,2023.2
1896,7/5/2022 8:13 am,28.0,1,352.24
1897,7/5/2022 9:58 am,28.0,1,231.2
1898,7/5/2022 10:11 am,28.0,1,2422.5
1899,7/5/2022 10:11 am,28.0,1,31.66
1900,7/5/2022 11:03 am,28.0,1,2192.83
1901,7/5/2022 11:17 am,28.0,1,952.0
1902,7/5/2022 12:13 pm,28.0,1,542.64
1903,7/5/2022 12:13 pm,28.0,1,356.56
1904,7/5/2022 12:13 pm,28.0,1,987.7
1905,7/5/2022 12:13 pm,28.0,1,856.12
1906,7/5/2022 1:11 pm,28.0,1,429.89
1907,7/5/2022 2:10 pm,28.0,1,862.92
1908,7/5/2022 2:10 pm,28.0,1,1855.04
1909,7/5/2022 2:52 pm,28.0,1,1385.16
1910,7/5/2022 3:13 pm,28.0,1,937.72
1911,7/5/2022 3:13 pm,28.0,1,257.04
1912,7/5/2022 3:13 pm,28.0,1,23.33
1913,7/5/2022 3:13 pm,28.0,1,1248.43
1914,7/5/2022 3:13 pm,28.0,1,624.24
1915,7/5/2022 5:13 pm,28.0,1,500.0
1916,7/5/2022 7:13 pm,28.0,1,1257.32
1917,7/5/2022 8:13 pm,28.0,1,1100.75
1918,7/5/2022 8:13 pm,28.0,1,211.2
1919,7/5/2022 10:13 pm,28.0,1,429.89
1920,7/5/2022 10:13 pm,28.0,1,2364.36
1921,7/5/2022 11:12 pm,28.0,1,1062.5
1922,7/5/2022 11:12 pm,28.0,1,361.11
1923,7/6/2022 2:12 am,28.0,1,1067.84
1924,7/6/2022 8:13 am,28.0,1,58.9
1925,7/6/2022 11:13 am,28.0,1,1195.44
1926,7/6/2022 3:12 pm,28.0,1,695.0
1927,7/7/2022 8:17 am,28.0,1,599.16
1928,7/7/2022 10:15 am,28.0,1,453.6
1929,7/7/2022 11:19 am,28.0,1,8170.2
1930,7/7/2022 1:14 pm,28.0,1,431.2
1931,7/7/2022 3:12 pm,28.0,1,2540.0
1932,7/7/2022 4:12 pm,28.0,1,841.5
1933,7/7/2022 11:12 pm,28.0,1,628.86
1934,7/8/2022 10:15 am,28.0,1,1069.3
1935,7/8/2022 1:13 pm,28.0,1,396.0
1936,7/8/2022 7:12 pm,28.0,1,790.5
1937,7/9/2022 5:13 am,28.0,1,424.15
1938,7/9/2022 12:12 pm,28.0,1,98.26
1939,7/9/2022 4:11 pm,28.0,1,429.89
1940,7/9/2022 4:11 pm,28.0,1,5641.88
1941,7/9/2022 5:11 pm,28.0,1,1812.17
1942,7/9/2022 6:13 pm,28.0,1,1204.06
1943,7/9/2022 7:12 pm,28.0,1,426.36
1944,7/9/2022 8:13 pm,28.0,1,470.4
1945,7/9/2022 8:13 pm,28.0,1,478.97
1946,7/9/2022 8:13 pm,28.0,1,1698.3
1947,7/10/2022 7:12 am,28.0,1,628.93
1948,7/10/2022 9:12 am,28.0,1,1356.6
1949,7/10/2022 1:14 pm,28.0,1,1147.5
1950,7/10/2022 1:14 pm,28.0,1,958.0
1951,7/10/2022 3:13 pm,28.0,1,910.35
1952,7/10/2022 3:13 pm,28.0,1,357.64
1953,7/10/2022 5:13 pm,28.0,1,769.96
1954,7/10/2022 5:13 pm,28.0,1,705.07
1955,7/10/2022 8:12 pm,28.0,1,653.65
1956,7/10/2022 8:13 pm,28.0,1,593.3
1957,7/10/2022 8:13 pm,28.0,1,1540.88
1958,7/10/2022 8:13 pm,28.0,1,141.01
1959,7/10/2022 11:12 pm,28.0,1,126.65
1960,7/11/2022 7:32 am,28.0,1,2377.26
1961,7/11/2022 8:21 am,29.0,1,0.0
1962,7/11/2022 9:12 am,29.0,1,395.98
1963,7/11/2022 9:58 am,28.0,1,247.35
1964,7/11/2022 10:12 am,29.0,1,108.0
1965,7/11/2022 2:15 pm,29.0,1,792.2
1966,7/11/2022 2:30 pm,29.0,1,1220.94
1967,7/11/2022 3:13 pm,29.0,1,518.5
1968,7/11/2022 3:13 pm,29.0,1,2141.15
1969,7/11/2022 7:12 pm,29.0,1,234.6
1970,7/11/2022 7:12 pm,29.0,1,423.47
1971,7/11/2022 8:12 pm,29.0,1,424.91
1972,7/11/2022 8:12 pm,29.0,1,551.65
1973,7/11/2022 10:12 pm,29.0,1,1376.01
1974,7/11/2022 10:12 pm,29.0,1,722.5
1975,7/12/2022 9:13 am,29.0,1,1103.3
1976,7/12/2022 11:11 am,29.0,1,227.97
1977,7/12/2022 1:11 pm,29.0,1,2210.0
1978,7/12/2022 2:13 pm,29.0,1,285.39
1979,7/12/2022 4:12 pm,29.0,1,747.15
1980,7/12/2022 4:12 pm,29.0,1,357.64
1981,7/12/2022 4:54 pm,29.0,1,419.0
1982,7/12/2022 8:10 pm,29.0,1,579.0
1983,7/13/2022 1:10 am,29.0,1,572.0
1984,7/13/2022 9:14 am,29.0,1,939.44
1985,7/13/2022 9:14 am,29.0,1,507.6
1986,7/13/2022 11:12 am,29.0,1,629.0
1987,7/13/2022 12:14 pm,29.0,1,357.64
1988,7/13/2022 2:15 pm,29.0,1,603.16
1989,7/13/2022 2:40 pm,29.0,1,1489.2
1990,7/13/2022 3:11 pm,29.0,1,199.0
1991,7/13/2022 4:12 pm,29.0,1,492.15
1992,7/13/2022 4:43 pm,29.0,1,253.3
1993,7/13/2022 4:47 pm,29.0,1,65.0
1994,7/13/2022 5:14 pm,29.0,1,699.0
1995,7/13/2022 10:13 pm,29.0,1,542.27
1996,7/13/2022 10:13 pm,29.0,1,569.0
1997,7/14/2022 1:11 am,29.0,1,108.29
1998,7/14/2022 4:12 am,29.0,1,638.0
1999,7/14/2022 8:10 am,29.0,1,756.48
2000,7/14/2022 8:15 am,29.0,1,520.2
2001,7/14/2022 8:15 am,29.0,1,549.1
2002,7/14/2022 10:11 am,29.0,1,105.0
2003,7/14/2022 11:14 am,29.0,1,1190.0
2004,7/14/2022 11:15 am,29.0,1,1818.91
2005,7/14/2022 1:18 pm,29.0,1,479.0
2006,7/14/2022 2:16 pm,29.0,1,1703.4
2007,7/14/2022 4:12 pm,29.0,1,573.75
2008,7/14/2022 4:12 pm,29.0,1,782.0
2009,7/14/2022 6:12 pm,29.0,1,2885.75
2010,7/14/2022 6:12 pm,29.0,1,479.0
2011,7/14/2022 9:12 pm,29.0,1,525.3
2012,7/14/2022 10:12 pm,29.0,1,628.15
2013,7/15/2022 4:12 am,29.0,1,137.0
2014,7/15/2022 7:13 am,29.0,1,305.97
2015,7/15/2022 8:17 am,29.0,1,467.5
2016,7/15/2022 8:17 am,29.0,1,4450.9
2017,7/15/2022 12:15 pm,29.0,1,1622.4
2018,7/15/2022 1:15 pm,29.0,1,133.35
2019,7/15/2022 1:15 pm,29.0,1,935.64
2020,7/15/2022 1:16 pm,29.0,1,515.12
2021,7/15/2022 2:15 pm,29.0,1,149.0
2022,7/15/2022 2:15 pm,29.0,1,1744.61
2023,7/15/2022 2:15 pm,29.0,1,917.29
2024,7/15/2022 2:16 pm,29.0,1,278.16
2025,7/15/2022 4:12 pm,29.0,1,1192.86
2026,7/15/2022 5:11 pm,29.0,1,1138.98
2027,7/15/2022 6:11 pm,29.0,1,509.15
2028,7/15/2022 6:11 pm,29.0,1,1672.0
2029,7/15/2022 6:11 pm,29.0,1,492.15
2030,7/15/2022 7:13 pm,29.0,1,1314.12
2031,7/15/2022 9:11 pm,29.0,1,4185.6
2032,7/15/2022 9:11 pm,29.0,1,1487.5
2033,7/15/2022 9:12 pm,29.0,1,424.91
2034,7/15/2022 9:15 pm,29.0,1,297.5
2035,7/16/2022 12:10 am,29.0,1,1115.2
2036,7/16/2022 1:12 am,29.0,1,479.0
2037,7/16/2022 8:13 am,29.0,1,309.0
2038,7/16/2022 9:11 am,29.0,1,3714.5
2039,7/16/2022 12:13 pm,29.0,1,285.39
2040,7/16/2022 12:13 pm,29.0,1,219.0
2041,7/16/2022 12:13 pm,29.0,1,1275.0
2042,7/16/2022 12:13 pm,29.0,1,643.5
2043,7/16/2022 2:11 pm,29.0,1,715.28
2044,7/16/2022 2:11 pm,29.0,1,747.15
2045,7/16/2022 2:11 pm,29.0,1,217.77
2046,7/16/2022 4:12 pm,29.0,1,429.89
2047,7/16/2022 7:12 pm,29.0,1,415.65
2048,7/16/2022 7:12 pm,29.0,1,715.27
2049,7/16/2022 9:12 pm,29.0,1,232.9
2050,7/16/2022 9:12 pm,29.0,1,1645.6
2051,7/16/2022 9:12 pm,29.0,1,960.46
2052,7/17/2022 6:11 am,29.0,1,504.9
2053,7/17/2022 8:23 am,29.0,1,44.7
2054,7/17/2022 9:14 am,29.0,1,1360.0
2055,7/17/2022 10:14 am,29.0,1,335.75
2056,7/17/2022 12:12 pm,29.0,1,1086.3
2057,7/17/2022 2:12 pm,29.0,1,2223.6
2058,7/17/2022 2:12 pm,29.0,1,2942.7
2059,7/17/2022 4:12 pm,29.0,1,420.75
2060,7/17/2022 4:12 pm,29.0,1,706.6
2061,7/17/2022 5:13 pm,29.0,1,2230.4
2062,7/17/2022 5:13 pm,29.0,1,4844.83
2063,7/17/2022 8:14 pm,29.0,1,429.89
2064,7/17/2022 8:14 pm,29.0,1,1835.15
2065,7/17/2022 8:14 pm,29.0,1,351.64
2066,7/17/2022 8:14 pm,29.0,1,313.65
2067,7/17/2022 10:14 pm,29.0,1,509.15
2068,7/18/2022 1:12 am,30.0,1,536.4
2069,7/18/2022 8:20 am,30.0,1,440.0
2070,7/18/2022 8:20 am,30.0,1,1563.15
2071,7/18/2022 8:20 am,30.0,1,935.0
2072,7/18/2022 8:20 am,30.0,1,1859.8
2073,7/18/2022 8:20 am,30.0,1,5190.0
2074,7/18/2022 10:12 am,30.0,1,1852.32
2075,7/18/2022 11:11 am,30.0,1,1994.1
2076,7/18/2022 3:13 pm,30.0,1,814.3
2077,7/18/2022 5:15 pm,30.0,1,715.27
2078,7/18/2022 5:15 pm,30.0,1,391.0
2079,7/18/2022 6:12 pm,30.0,1,149.75
2080,7/18/2022 8:12 pm,30.0,1,1185.75
2081,7/18/2022 9:12 pm,30.0,1,160.5
2082,7/19/2022 1:12 am,30.0,1,1498.0
2083,7/19/2022 3:12 am,30.0,1,268.2
2084,7/19/2022 5:12 am,30.0,1,114.95
2085,7/19/2022 10:17 am,30.0,1,1696.6
2086,7/19/2022 12:13 pm,30.0,1,333.03
2087,7/19/2022 12:13 pm,30.0,1,1484.1
2088,7/19/2022 2:16 pm,30.0,1,1588.65
2089,7/19/2022 7:12 pm,30.0,1,486.62
2090,7/20/2022 3:13 am,30.0,1,629.95
2091,7/20/2022 5:12 am,30.0,1,628.15
2092,7/20/2022 7:49 am,30.0,1,40.95
2093,7/20/2022 8:17 am,30.0,1,733.5
2094,7/20/2022 9:17 am,30.0,1,2154.75
2095,7/20/2022 9:17 am,30.0,1,208.5
2096,7/20/2022 10:14 am,30.0,1,1295.93
2097,7/20/2022 10:14 am,30.0,1,738.65
2098,7/20/2022 10:14 am,30.0,1,3207.05
2099,7/20/2022 10:14 am,30.0,1,357.64
2100,7/20/2022 1:10 pm,30.0,1,1251.2
2101,7/20/2022 2:16 pm,30.0,1,1108.48
2102,7/20/2022 2:16 pm,30.0,1,1218.0
2103,7/20/2022 3:11 pm,30.0,1,466.0
2104,7/20/2022 6:12 pm,30.0,1,423.3
2105,7/20/2022 6:12 pm,30.0,1,279.65
2106,7/20/2022 7:11 pm,30.0,1,2352.8
2107,7/20/2022 7:11 pm,30.0,1,1297.2
2108,7/20/2022 8:13 pm,30.0,1,594.15
2109,7/21/2022 4:12 am,30.0,1,13994.4
2110,7/21/2022 7:11 am,30.0,1,2000.0
2111,7/21/2022 7:33 am,30.0,1,2386.97
2112,7/21/2022 2:13 pm,30.0,1,362.98
2113,7/21/2022 2:13 pm,30.0,1,358.02
2114,7/21/2022 2:28 pm,29.0,1,374.12
2115,7/21/2022 3:14 pm,30.0,1,1962.65
2116,7/21/2022 5:13 pm,30.0,1,2072.3
2117,7/21/2022 5:13 pm,30.0,1,1462.0
2118,7/21/2022 8:12 pm,30.0,1,1158.0
2119,7/21/2022 8:12 pm,30.0,1,308.12
2120,7/22/2022 8:16 am,30.0,1,450.5
2121,7/22/2022 9:16 am,30.0,1,3247.2
2122,7/22/2022 1:11 pm,30.0,1,449.82
2123,7/22/2022 1:11 pm,30.0,1,899.0
2124,7/22/2022 1:12 pm,30.0,1,381.65
2125,7/22/2022 2:12 pm,30.0,1,552.5
2126,7/22/2022 11:11 pm,30.0,1,593.3
2127,7/23/2022 11:12 am,30.0,1,1399.95
2128,7/23/2022 11:12 am,30.0,1,3570.0
2129,7/23/2022 11:59 am,30.0,1,238.0
2130,7/23/2022 2:12 pm,30.0,1,429.89
2131,7/23/2022 4:13 pm,30.0,1,3411.9
2132,7/23/2022 5:12 pm,30.0,1,915.45
2133,7/23/2022 5:12 pm,30.0,1,451.56
2134,7/23/2022 8:12 pm,30.0,1,990.25
2135,7/23/2022 8:12 pm,30.0,1,509.15
2136,7/24/2022 7:14 am,30.0,1,1135.6
2137,7/24/2022 7:14 am,30.0,1,2001.75
2138,7/24/2022 7:15 am,30.0,1,467.45
2139,7/24/2022 9:14 am,30.0,1,4735.0
2140,7/24/2022 12:08 pm,30.0,1,688.5
2141,7/24/2022 12:13 pm,30.0,1,715.27
2142,7/24/2022 12:13 pm,30.0,1,789.65
2143,7/24/2022 12:13 pm,30.0,1,396.1
2144,7/24/2022 12:34 pm,30.0,1,1654.95
2145,7/24/2022 1:10 pm,30.0,1,159.8
2146,7/24/2022 3:12 pm,30.0,1,628.15
2147,7/24/2022 4:13 pm,30.0,1,515.31
2148,7/24/2022 6:11 pm,30.0,1,799.0
2149,7/24/2022 6:11 pm,30.0,1,645.96
2150,7/24/2022 7:15 pm,30.0,1,1101.4
2151,7/24/2022 9:13 pm,30.0,1,429.89
2152,7/24/2022 9:13 pm,30.0,1,308.12
2153,7/24/2022 10:14 pm,30.0,1,590.75
2154,7/25/2022 6:13 am,31.0,1,459.0
2155,7/25/2022 8:12 am,31.0,1,31.66
2156,7/25/2022 9:13 am,31.0,1,826.26
2157,7/25/2022 10:13 am,31.0,1,1628.6
2158,7/25/2022 11:48 am,31.0,1,101.15
2159,7/25/2022 1:14 pm,31.0,1,432.65
2160,7/25/2022 2:14 pm,31.0,1,114.24
2161,7/25/2022 2:14 pm,31.0,1,399.0
2162,7/25/2022 4:23 pm,31.0,1,415.65
2163,7/25/2022 5:15 pm,31.0,1,968.15
2164,7/25/2022 6:14 pm,31.0,1,1758.65
2165,7/25/2022 10:13 pm,31.0,1,31.66
2166,7/26/2022 12:10 pm,31.0,1,663.0
2167,7/26/2022 12:10 pm,31.0,1,172.0
2168,7/26/2022 1:11 pm,31.0,1,289.0
2169,7/26/2022 1:11 pm,31.0,1,1375.3
2170,7/26/2022 1:11 pm,31.0,1,342.71
2171,7/26/2022 1:26 pm,31.0,1,0.0
2172,7/26/2022 2:13 pm,31.0,1,591.6
2173,7/26/2022 3:22 pm,31.0,1,539.0
2174,7/26/2022 6:12 pm,31.0,1,574.39
2175,7/26/2022 6:12 pm,31.0,1,285.39
2176,7/26/2022 6:13 pm,31.0,1,1734.0
2177,7/26/2022 6:13 pm,31.0,1,715.27
2178,7/26/2022 7:14 pm,31.0,1,409.7
2179,7/26/2022 9:11 pm,31.0,1,1163.65
2180,7/26/2022 11:14 pm,31.0,1,1783.3
2181,7/27/2022 8:11 am,31.0,1,543.15
2182,7/27/2022 8:11 am,31.0,1,635.2
2183,7/27/2022 9:19 am,31.0,1,943.5
2184,7/27/2022 9:19 am,31.0,1,486.62
2185,7/27/2022 11:15 am,31.0,1,752.76
2186,7/27/2022 11:15 am,31.0,1,775.2
2187,7/27/2022 2:15 pm,31.0,1,229.5
2188,7/27/2022 2:15 pm,31.0,1,2412.0
2189,7/27/2022 3:12 pm,31.0,1,1772.0
2190,7/27/2022 6:11 pm,31.0,1,68.72
2191,7/27/2022 8:12 pm,31.0,1,2588.25
2192,7/27/2022 11:13 pm,31.0,1,199.0
2193,7/28/2022 7:14 am,31.0,1,296.65
2194,7/28/2022 9:14 am,31.0,1,329.0
2195,7/28/2022 11:12 am,31.0,1,1483.08
2196,7/28/2022 12:17 pm,31.0,1,611.94
2197,7/28/2022 12:17 pm,31.0,1,398.65
2198,7/28/2022 1:13 pm,31.0,1,1011.5
2199,7/28/2022 3:17 pm,31.0,1,552.5
2200,7/28/2022 5:14 pm,31.0,1,348.5
2201,7/28/2022 5:14 pm,31.0,1,574.39
2202,7/28/2022 8:12 pm,31.0,1,492.0
2203,7/28/2022 8:12 pm,31.0,1,1950.0
2204,7/29/2022 12:13 am,31.0,1,594.15
2205,7/29/2022 8:12 am,31.0,1,686.97
2206,7/29/2022 10:13 am,31.0,1,1549.12
2207,7/29/2022 1:11 pm,31.0,1,1688.1
2208,7/29/2022 2:13 pm,31.0,1,1256.3
2209,7/29/2022 2:13 pm,31.0,1,558.0
2210,7/29/2022 8:13 pm,31.0,1,567.63
2211,7/29/2022 10:11 pm,31.0,1,1625.0
2212,7/30/2022 1:13 am,31.0,1,1839.2
2213,7/30/2022 8:10 am,31.0,1,527.0
2214,7/30/2022 9:11 am,31.0,1,882.3
2215,7/30/2022 9:11 am,31.0,1,442.0
2216,7/30/2022 10:11 am,31.0,1,217.6
2217,7/30/2022 12:13 pm,31.0,1,500.0
2218,7/30/2022 1:13 pm,31.0,1,70.0
2219,7/30/2022 2:13 pm,31.0,1,153.78
2220,7/30/2022 2:13 pm,31.0,1,196.95
2221,7/30/2022 2:13 pm,31.0,1,1741.65
2222,7/30/2022 4:11 pm,31.0,1,3728.95
2223,7/30/2022 5:13 pm,31.0,1,349.0
2224,7/30/2022 5:13 pm,31.0,1,429.89
2225,7/30/2022 8:13 pm,31.0,1,551.65
2226,7/30/2022 11:12 pm,31.0,1,429.89
2227,7/31/2022 11:12 am,31.0,1,429.89
2228,7/31/2022 11:12 am,31.0,1,752.25
2229,7/31/2022 11:12 am,31.0,1,1285.2
2230,7/31/2022 12:13 pm,31.0,1,441.15
2231,7/31/2022 3:11 pm,31.0,1,696.15
2232,7/31/2022 6:12 pm,31.0,1,357.64
2233,7/31/2022 6:12 pm,31.0,1,594.15
2234,7/31/2022 6:12 pm,31.0,1,249.95
2235,7/31/2022 8:11 pm,31.0,1,424.91
2236,7/31/2022 9:11 pm,31.0,1,715.28
2237,8/1/2022 12:13 am,32.0,1,1064.96
2238,8/1/2022 6:15 am,32.0,1,802.4
2239,8/1/2022 8:14 am,32.0,1,990.0
2240,8/1/2022 9:12 am,32.0,1,432.65
2241,8/1/2022 1:18 pm,32.0,1,297.5
2242,8/1/2022 2:10 pm,32.0,1,1199.44
2243,8/1/2022 6:12 pm,32.0,1,1970.3
2244,8/1/2022 8:13 pm,32.0,1,484.46
2245,8/1/2022 8:14 pm,32.0,1,1377.0
2246,8/1/2022 8:14 pm,32.0,1,787.53
2247,8/1/2022 9:13 pm,32.0,1,1217.3
2248,8/1/2022 9:13 pm,32.0,1,2720.0
2249,8/1/2022 9:13 pm,32.0,1,1604.1
2250,8/1/2022 9:13 pm,32.0,1,507.51
2251,8/1/2022 9:13 pm,32.0,1,1807.1
2252,8/1/2022 10:11 pm,32.0,1,1130.0
2253,8/1/2022 11:12 pm,32.0,1,425.0
2254,8/2/2022 5:14 am,32.0,1,319.0
2255,8/2/2022 8:46 am,32.0,1,0.0
2256,8/2/2022 9:52 am,31.0,1,1649.0
2257,8/2/2022 10:14 am,32.0,1,2337.78
2258,8/2/2022 10:16 am,31.0,1,923.83
2259,8/2/2022 10:38 am,31.0,1,429.89
2260,8/2/2022 11:14 am,32.0,1,983.28
2261,8/2/2022 11:14 am,32.0,1,4088.5
2262,8/2/2022 1:13 pm,32.0,1,1246.95
2263,8/2/2022 3:14 pm,32.0,1,1492.6
2264,8/2/2022 5:15 pm,32.0,1,607.43
2265,8/2/2022 5:15 pm,32.0,1,2337.5
2266,8/2/2022 9:12 pm,32.0,1,441.15
2267,8/2/2022 9:12 pm,32.0,1,782.0
2268,8/2/2022 10:11 pm,32.0,1,520.2
2269,8/2/2022 10:11 pm,32.0,1,415.65
2270,8/2/2022 10:12 pm,32.0,1,202.3
2271,8/3/2022 5:14 am,32.0,1,540.6
2272,8/3/2022 7:14 am,32.0,1,528.0
2273,8/3/2022 8:14 am,32.0,1,1175.0
2274,8/3/2022 8:14 am,32.0,1,376.38
2275,8/3/2022 10:13 am,32.0,1,628.15
2276,8/3/2022 12:18 pm,32.0,1,249.0
2277,8/3/2022 1:13 pm,32.0,1,392.0
2278,8/3/2022 1:13 pm,32.0,1,6114.05
2279,8/3/2022 1:58 pm,32.0,1,446.25
2280,8/3/2022 2:04 pm,32.0,1,4080.0
2281,8/3/2022 3:12 pm,32.0,1,1830.05
2282,8/3/2022 9:13 pm,32.0,1,30.9
2283,8/4/2022 8:21 am,32.0,1,1074.0
2284,8/4/2022 9:18 am,32.0,1,492.15
2285,8/4/2022 10:13 am,32.0,1,694.66
2286,8/4/2022 10:13 am,32.0,1,1050.6
2287,8/4/2022 11:50 am,32.0,1,4989.5
2288,8/4/2022 12:12 pm,32.0,1,1852.32
2289,8/4/2022 12:12 pm,32.0,1,686.0
2290,8/4/2022 12:13 pm,32.0,1,1084.6
2291,8/4/2022 2:14 pm,32.0,1,710.64
2292,8/4/2022 2:14 pm,32.0,1,2127.72
2293,8/4/2022 3:18 pm,32.0,1,2274.6
2294,8/4/2022 7:11 pm,32.0,1,120.0
2295,8/5/2022 4:14 am,32.0,1,1004.25
2296,8/5/2022 11:10 am,32.0,1,280.5
2297,8/5/2022 1:45 pm,32.0,1,555.9
2298,8/8/2022 9:16 am,32.0,1,806.65
2299,8/8/2022 9:21 am,32.0,1,678.0
2300,8/8/2022 9:32 am,32.0,1,5095.92
2301,8/8/2022 9:40 am,33.0,1,1171.3
2302,8/8/2022 10:08 am,32.0,1,462.5
2303,8/8/2022 10:18 am,33.0,1,1163.65
2304,8/8/2022 10:18 am,33.0,1,926.41
2305,8/8/2022 10:18 am,33.0,1,369.75
2306,8/8/2022 10:18 am,33.0,1,531.25
2307,8/8/2022 10:18 am,33.0,1,1570.0
2308,8/8/2022 10:18 am,33.0,1,5095.92
2309,8/8/2022 10:19 am,33.0,1,1306.02
2310,8/8/2022 10:19 am,33.0,1,59.85
2311,8/8/2022 10:19 am,33.0,1,2209.15
2312,8/8/2022 10:19 am,33.0,1,455.94
2313,8/8/2022 10:19 am,33.0,1,1467.95
2314,8/8/2022 10:19 am,33.0,1,1307.3
2315,8/8/2022 10:19 am,33.0,1,747.15
2316,8/8/2022 10:19 am,32.0,1,193.2
2317,8/8/2022 10:19 am,33.0,1,202.0
2318,8/8/2022 10:19 am,33.0,1,303.45
2319,8/8/2022 10:19 am,33.0,1,429.89
2320,8/8/2022 10:20 am,33.0,1,233.75
2321,8/8/2022 10:20 am,33.0,1,505.75
2322,8/8/2022 10:20 am,33.0,1,424.15
2323,8/8/2022 10:20 am,33.0,1,680.0
2324,8/8/2022 10:20 am,33.0,1,126.65
2325,8/8/2022 10:20 am,33.0,1,1408.45
2326,8/8/2022 10:20 am,33.0,1,628.15
2327,8/8/2022 10:20 am,33.0,1,505.75
2328,8/8/2022 10:21 am,33.0,1,638.0
2329,8/8/2022 10:21 am,33.0,1,2132.65
2330,8/8/2022 10:21 am,33.0,1,1696.6
2331,8/8/2022 11:13 am,33.0,1,2881.5
2332,8/8/2022 1:17 pm,33.0,1,1894.65
2333,8/8/2022 3:12 pm,33.0,1,241.4
2334,8/8/2022 3:12 pm,33.0,1,134.4
2335,8/8/2022 4:13 pm,33.0,1,1810.16
2336,8/8/2022 7:13 pm,33.0,1,459.9
2337,8/8/2022 8:12 pm,33.0,1,458.15
2338,8/9/2022 3:13 am,33.0,1,165.75
2339,8/9/2022 6:14 am,33.0,1,1794.52
2340,8/9/2022 8:14 am,33.0,1,1221.87
2341,8/9/2022 9:00 am,32.0,1,239.7
2342,8/9/2022 11:13 am,33.0,1,1139.0
2343,8/9/2022 11:13 am,33.0,1,2121.6
2344,8/9/2022 11:14 am,33.0,1,1392.3
2345,8/9/2022 3:13 pm,33.0,1,259.25
2346,8/9/2022 5:12 pm,33.0,1,483.65
2347,8/9/2022 8:14 pm,33.0,1,1096.5
2348,8/9/2022 9:15 pm,33.0,1,136.5
2349,8/9/2022 9:15 pm,33.0,1,243.44
2350,8/9/2022 9:15 pm,33.0,1,1018.3
2351,8/10/2022 6:13 am,33.0,1,441.15
2352,8/10/2022 10:14 am,33.0,1,433.42
2353,8/10/2022 2:14 pm,33.0,1,336.6
2354,8/10/2022 4:15 pm,33.0,1,739.84
2355,8/10/2022 4:15 pm,33.0,1,282.75
2356,8/10/2022 5:12 pm,33.0,1,415.65
2357,8/10/2022 5:12 pm,33.0,1,439.0
2358,8/10/2022 10:11 pm,33.0,1,512.0
2359,8/11/2022 7:13 am,33.0,1,262.65
2360,8/11/2022 9:14 am,33.0,1,132.09
2361,8/11/2022 10:02 am,33.0,1,1967.75
2362,8/11/2022 11:17 am,33.0,1,935.0
2363,8/11/2022 12:29 pm,33.0,1,6158.25
2364,8/11/2022 3:13 pm,33.0,1,509.15
2365,8/11/2022 4:12 pm,33.0,1,386.75
2366,8/11/2022 6:12 pm,33.0,1,1529.15
2367,8/12/2022 12:14 am,33.0,1,975.72
2368,8/12/2022 1:11 am,33.0,1,228.65
2369,8/12/2022 10:13 am,33.0,1,308.12
2370,8/12/2022 10:57 am,33.0,1,1700.0
2371,8/12/2022 12:11 pm,33.0,1,371.27
2372,8/12/2022 12:11 pm,33.0,1,186.96
2373,8/12/2022 12:11 pm,33.0,1,1432.4
2374,8/12/2022 1:15 pm,33.0,1,573.75
2375,8/12/2022 2:07 pm,33.0,1,492.15
2376,8/12/2022 2:11 pm,33.0,1,508.3
2377,8/12/2022 2:11 pm,33.0,1,475.4
2378,8/12/2022 4:15 pm,33.0,1,249.77
2379,8/12/2022 8:12 pm,33.0,1,1471.35
2380,8/12/2022 10:12 pm,33.0,1,505.75
2381,8/13/2022 12:12 am,33.0,1,1839.2
2382,8/13/2022 5:13 am,33.0,1,429.76
2383,8/13/2022 10:14 am,33.0,1,1992.8
2384,8/13/2022 2:14 pm,33.0,1,5131.2
2385,8/13/2022 2:14 pm,33.0,1,574.39
2386,8/13/2022 4:12 pm,33.0,1,313.65
2387,8/13/2022 4:12 pm,33.0,1,185.64
2388,8/13/2022 7:11 pm,33.0,1,180.0
2389,8/13/2022 7:11 pm,33.0,1,1173.0
2390,8/13/2022 7:11 pm,33.0,1,1494.3
2391,8/13/2022 8:12 pm,33.0,1,812.6
2392,8/14/2022 7:12 am,33.0,1,2149.65
2393,8/14/2022 8:13 am,33.0,1,735.0
2394,8/14/2022 9:12 am,33.0,1,355.3
2395,8/14/2022 9:12 am,33.0,1,284.75
2396,8/14/2022 9:12 am,33.0,1,1392.3
2397,8/14/2022 11:11 am,33.0,1,1670.4
2398,8/14/2022 11:11 am,33.0,1,1283.5
2399,8/14/2022 2:12 pm,33.0,1,339.2
2400,8/14/2022 3:12 pm,33.0,1,318.85
2401,8/14/2022 3:12 pm,33.0,1,819.4
2402,8/14/2022 4:14 pm,33.0,1,254.15
2403,8/14/2022 5:13 pm,33.0,1,688.08
2404,8/14/2022 5:13 pm,33.0,1,1743.9
2405,8/14/2022 6:46 pm,33.0,1,594.15
2406,8/14/2022 7:12 pm,33.0,1,709.0
2407,8/14/2022 8:12 pm,33.0,1,1024.76
2408,8/14/2022 8:12 pm,33.0,1,262.65
2409,8/14/2022 8:12 pm,33.0,1,286.87
2410,8/15/2022 9:12 am,34.0,1,1734.0
2411,8/15/2022 10:15 am,34.0,1,510.0
2412,8/15/2022 10:51 am,33.0,1,341.36
2413,8/15/2022 11:12 am,34.0,1,432.65
2414,8/15/2022 12:12 pm,34.0,1,712.5
2415,8/15/2022 1:15 pm,34.0,1,3304.8
2416,8/15/2022 3:12 pm,34.0,1,126.65
2417,8/15/2022 3:12 pm,34.0,1,407.15
2418,8/15/2022 3:12 pm,34.0,1,2180.76
2419,8/15/2022 5:13 pm,34.0,1,424.91
2420,8/15/2022 5:13 pm,34.0,1,398.65
2421,8/15/2022 5:13 pm,34.0,1,1342.15
2422,8/15/2022 8:11 pm,34.0,1,71.0
2423,8/15/2022 8:11 pm,34.0,1,1137.3
2424,8/16/2022 12:10 am,34.0,1,483.65
2425,8/16/2022 5:13 am,34.0,1,1256.3
2426,8/16/2022 9:13 am,34.0,1,3298.0
2427,8/16/2022 12:14 pm,34.0,1,1002.0
2428,8/16/2022 12:14 pm,34.0,1,1970.3
2429,8/16/2022 7:13 pm,34.0,1,1852.32
2430,8/16/2022 7:13 pm,34.0,1,483.65
2431,8/16/2022 7:13 pm,34.0,1,496.4
2432,8/16/2022 8:11 pm,34.0,1,814.3
2433,8/16/2022 9:14 pm,34.0,1,534.65
2434,8/16/2022 11:14 pm,34.0,1,627.3
2435,8/17/2022 6:12 am,34.0,1,1977.1
2436,8/17/2022 6:12 am,34.0,1,4299.3
2437,8/17/2022 7:13 am,34.0,1,30.0
2438,8/17/2022 9:13 am,34.0,1,3051.5
2439,8/17/2022 9:17 am,34.0,1,2812.65
2440,8/17/2022 10:14 am,34.0,1,2712.0
2441,8/17/2022 11:04 am,34.0,1,780.12
2442,8/17/2022 11:35 am,34.0,1,300.0
2443,8/17/2022 12:38 pm,34.0,1,730.15
2444,8/17/2022 1:14 pm,34.0,1,27.15
2445,8/17/2022 1:14 pm,34.0,1,675.75
2446,8/17/2022 2:12 pm,34.0,1,1100.75
2447,8/17/2022 4:12 pm,34.0,1,874.08
2448,8/17/2022 6:11 pm,34.0,1,1341.3
2449,8/17/2022 6:11 pm,34.0,1,1104.15
2450,8/17/2022 9:13 pm,34.0,1,2142.0
2451,8/18/2022 6:13 am,34.0,1,1420.94
2452,8/18/2022 9:11 am,34.0,1,316.0
2453,8/18/2022 11:11 am,34.0,1,236.0
2454,8/18/2022 11:11 am,34.0,1,1375.3
2455,8/18/2022 11:32 am,34.0,1,438.4
2456,8/18/2022 12:06 pm,34.0,1,356.15
2457,8/18/2022 1:15 pm,34.0,1,714.0
2458,8/18/2022 6:13 pm,34.0,1,2125.0
2459,8/18/2022 7:12 pm,34.0,1,450.5
2460,8/19/2022 9:13 am,34.0,1,594.15
2461,8/19/2022 9:13 am,34.0,1,594.15
2462,8/19/2022 9:13 am,34.0,1,141.01
2463,8/19/2022 2:12 pm,34.0,1,516.0
2464,8/19/2022 2:12 pm,34.0,1,457.6
2465,8/19/2022 2:12 pm,34.0,1,123.2
2466,8/19/2022 2:12 pm,34.0,1,215.25
2467,8/19/2022 3:11 pm,34.0,1,1517.25
2468,8/19/2022 4:11 pm,34.0,1,432.65
2469,8/19/2022 4:11 pm,34.0,1,632.4
2470,8/20/2022 11:12 am,34.0,1,339.15
2471,8/20/2022 11:12 am,34.0,1,1614.15
2472,8/20/2022 2:11 pm,34.0,1,420.75
2473,8/20/2022 3:12 pm,34.0,1,540.5
2474,8/20/2022 5:12 pm,34.0,1,492.15
2475,8/20/2022 8:12 pm,34.0,1,2052.48
2476,8/21/2022 11:14 am,34.0,1,1358.3
2477,8/21/2022 11:14 am,34.0,1,412.25
2478,8/21/2022 3:11 pm,34.0,1,563.06
2479,8/21/2022 5:12 pm,34.0,1,1020.0
2480,8/21/2022 6:13 pm,34.0,1,430.0
2481,8/21/2022 6:13 pm,34.0,1,599.0
2482,8/21/2022 6:13 pm,34.0,1,259.95
2483,8/21/2022 8:13 pm,34.0,1,1018.3
2484,8/21/2022 11:12 pm,34.0,1,494.98
2485,8/21/2022 11:12 pm,34.0,1,218.96
2486,8/22/2022 7:58 am,34.0,1,254.15
2487,8/22/2022 9:11 am,35.0,1,896.73
2488,8/22/2022 9:11 am,35.0,1,587.52
2489,8/22/2022 10:11 am,35.0,1,3398.3
2490,8/22/2022 11:20 am,35.0,1,654.92
2491,8/22/2022 1:12 pm,35.0,1,887.04
2492,8/22/2022 1:13 pm,35.0,1,1089.36
2493,8/22/2022 1:13 pm,35.0,1,498.0
2494,8/22/2022 8:13 pm,35.0,1,309.0
2495,8/22/2022 9:14 pm,35.0,1,734.4
2496,8/22/2022 9:14 pm,35.0,1,552.5
2497,8/22/2022 11:12 pm,35.0,1,242.0
2498,8/23/2022 8:14 am,35.0,1,4772.94
2499,8/23/2022 9:15 am,35.0,1,594.15
2500,8/23/2022 10:15 am,35.0,1,982.6
2501,8/23/2022 11:11 am,35.0,1,40.0
2502,8/23/2022 11:11 am,35.0,1,55.5
2503,8/23/2022 12:12 pm,35.0,1,549.27
2504,8/23/2022 12:12 pm,35.0,1,476.0
2505,8/23/2022 12:12 pm,35.0,1,879.0
2506,8/23/2022 12:13 pm,35.0,1,2592.5
2507,8/23/2022 1:26 pm,35.0,1,912.0
2508,8/23/2022 2:13 pm,35.0,1,241.4
2509,8/23/2022 2:13 pm,35.0,1,260.97
2510,8/23/2022 3:12 pm,35.0,1,195.9
2511,8/23/2022 5:13 pm,35.0,1,302.17
2512,8/23/2022 6:11 pm,35.0,1,344.25
2513,8/23/2022 6:11 pm,35.0,1,1392.3
2514,8/23/2022 7:12 pm,35.0,1,291.4
2515,8/23/2022 9:10 pm,35.0,1,3092.3
2516,8/23/2022 10:10 pm,35.0,1,952.0
2517,8/24/2022 4:12 am,35.0,1,1375.3
2518,8/24/2022 7:13 am,35.0,1,747.3
2519,8/24/2022 8:06 am,29.0,1,699.66
2520,8/24/2022 8:29 am,33.0,1,5143.35
2521,8/24/2022 9:26 am,33.0,1,1635.58
2522,8/24/2022 12:12 pm,35.0,1,485.0
2523,8/24/2022 12:12 pm,35.0,1,1108.4
2524,8/24/2022 12:12 pm,35.0,1,595.0
2525,8/24/2022 2:13 pm,35.0,1,576.3
2526,8/24/2022 5:13 pm,35.0,1,509.15
2527,8/24/2022 8:12 pm,35.0,1,3395.0
2528,8/24/2022 8:12 pm,35.0,1,149.0
2529,8/24/2022 8:12 pm,35.0,1,458.15
2530,8/24/2022 10:12 pm,35.0,1,336.6
2531,8/25/2022 7:13 am,35.0,1,671.5
2532,8/25/2022 8:14 am,35.0,1,416.5
2533,8/25/2022 10:13 am,35.0,1,416.5
2534,8/25/2022 10:13 am,35.0,1,624.0
2535,8/25/2022 11:14 am,35.0,1,216.75
2536,8/25/2022 11:14 am,35.0,1,2127.72
2537,8/25/2022 12:13 pm,35.0,1,756.0
2538,8/25/2022 12:13 pm,35.0,1,815.32
2539,8/25/2022 12:13 pm,35.0,1,280.5
2540,8/25/2022 1:43 pm,35.0,1,1219.0
2541,8/25/2022 4:12 pm,35.0,1,1866.6
2542,8/25/2022 4:12 pm,35.0,1,574.95
2543,8/25/2022 7:11 pm,35.0,1,326.25
2544,8/25/2022 7:11 pm,35.0,1,2444.0
2545,8/25/2022 11:13 pm,35.0,1,103.15
2546,8/26/2022 3:14 am,35.0,1,339.91
2547,8/26/2022 9:11 am,35.0,1,212.0
2548,8/26/2022 9:11 am,35.0,1,898.0
2549,8/26/2022 10:14 am,35.0,1,2040.0
2550,8/26/2022 11:12 am,35.0,1,212.46
2551,8/26/2022 1:11 pm,35.0,1,650.0
2552,8/26/2022 3:11 pm,35.0,1,549.27
2553,8/26/2022 4:12 pm,35.0,1,1410.0
2554,8/26/2022 6:13 pm,35.0,1,212.46
2555,8/26/2022 6:13 pm,35.0,1,34.98
2556,8/26/2022 6:13 pm,35.0,1,373.15
2557,8/26/2022 8:11 pm,35.0,1,344.25
2558,8/26/2022 10:11 pm,35.0,1,495.0
2559,8/27/2022 10:11 am,35.0,1,169.96
2560,8/27/2022 10:11 am,35.0,1,585.65
2561,8/27/2022 11:14 am,35.0,1,1120.3
2562,8/27/2022 12:14 pm,35.0,1,212.46
2563,8/27/2022 2:10 pm,35.0,1,70.25
2564,8/27/2022 3:11 pm,35.0,1,126.65
2565,8/27/2022 5:11 pm,35.0,1,1158.0
2566,8/28/2022 8:13 am,35.0,1,519.0
2567,8/28/2022 8:13 am,35.0,1,2159.0
2568,8/28/2022 10:13 am,35.0,1,365.5
2569,8/28/2022 10:13 am,35.0,1,506.66
2570,8/28/2022 10:13 am,35.0,1,1347.25
2571,8/28/2022 1:14 pm,35.0,1,770.44
2572,8/28/2022 1:14 pm,35.0,1,448.8
2573,8/28/2022 1:14 pm,35.0,1,385.56
2574,8/28/2022 2:12 pm,35.0,1,276.25
2575,8/28/2022 2:12 pm,35.0,1,337.24
2576,8/28/2022 5:12 pm,35.0,1,229.46
2577,8/28/2022 5:12 pm,35.0,1,473.38
2578,8/28/2022 8:10 pm,35.0,1,2072.3
2579,8/28/2022 8:10 pm,35.0,1,985.15
2580,8/28/2022 10:12 pm,35.0,1,509.15
2581,8/29/2022 1:14 am,36.0,1,356.15
2582,8/29/2022 8:40 am,35.0,1,409.7
2583,8/29/2022 9:20 am,36.0,1,80.0
2584,8/29/2022 12:15 pm,36.0,1,984.3
2585,8/29/2022 3:12 pm,36.0,1,900.97
2586,8/29/2022 7:12 pm,36.0,1,549.9
2587,8/29/2022 8:13 pm,36.0,1,1060.8
2588,8/29/2022 8:13 pm,36.0,1,730.15
2589,8/29/2022 8:13 pm,36.0,1,2692.97
2590,8/30/2022 7:12 am,36.0,1,390.29
2591,8/30/2022 9:11 am,36.0,1,536.52
2592,8/30/2022 10:14 am,36.0,1,610.15
2593,8/30/2022 10:14 am,36.0,1,1955.2
2594,8/30/2022 11:15 am,36.0,1,577.32
2595,8/30/2022 12:12 pm,36.0,1,107.2
2596,8/30/2022 12:13 pm,36.0,1,150.0
2597,8/30/2022 12:13 pm,36.0,1,890.8
2598,8/30/2022 3:15 pm,36.0,1,1985.6
2599,8/30/2022 3:15 pm,36.0,1,2288.88
2600,8/30/2022 4:11 pm,36.0,1,5303.66
2601,8/30/2022 5:12 pm,36.0,1,550.12
2602,8/30/2022 7:13 pm,36.0,1,1576.24
2603,8/30/2022 7:13 pm,36.0,1,820.0
2604,8/30/2022 7:13 pm,36.0,1,556.0
2605,8/30/2022 7:13 pm,36.0,1,844.56
2606,8/30/2022 7:13 pm,36.0,1,433.84
2607,8/30/2022 8:12 pm,36.0,1,135.0
2608,8/30/2022 8:12 pm,36.0,1,2566.2
2609,8/30/2022 8:12 pm,36.0,1,568.65
2610,8/30/2022 11:12 pm,36.0,1,1195.44
2611,8/30/2022 11:12 pm,36.0,1,115.97
2612,8/31/2022 6:13 am,36.0,1,415.65
2613,8/31/2022 7:13 am,36.0,1,662.96
2614,8/31/2022 7:13 am,36.0,1,938.0
2615,8/31/2022 10:10 am,36.0,1,505.75
2616,8/31/2022 11:13 am,36.0,1,1008.1
2617,8/31/2022 11:13 am,36.0,1,126.65
2618,8/31/2022 11:13 am,36.0,1,2390.88
2619,8/31/2022 2:12 pm,36.0,1,858.5
2620,8/31/2022 2:12 pm,36.0,1,119.0
2621,8/31/2022 5:12 pm,36.0,1,441.15
2622,8/31/2022 7:12 pm,36.0,1,585.6
2623,8/31/2022 7:12 pm,36.0,1,475.4
2624,8/31/2022 8:11 pm,36.0,1,303.62
2625,9/1/2022 12:11 am,36.0,1,710.64
2626,9/1/2022 12:11 am,36.0,1,432.65
2627,9/1/2022 6:59 am,36.0,1,0.0
2628,9/1/2022 7:12 am,36.0,1,308.0
2629,9/1/2022 7:12 am,36.0,1,515.0
2630,9/1/2022 7:35 am,36.0,1,679.2
2631,9/1/2022 9:12 am,36.0,1,420.75
2632,9/1/2022 9:12 am,36.0,1,2524.8
2633,9/1/2022 9:12 am,36.0,1,420.75
2634,9/1/2022 12:04 pm,36.0,1,201.54
2635,9/1/2022 12:13 pm,36.0,1,984.3
2636,9/1/2022 12:13 pm,36.0,1,199.0
2637,9/1/2022 1:12 pm,36.0,1,11301.6
2638,9/1/2022 1:12 pm,36.0,1,903.12
2639,9/1/2022 2:12 pm,36.0,1,452.88
2640,9/1/2022 2:31 pm,36.0,1,344.88
2641,9/1/2022 3:13 pm,36.0,1,225.67
2642,9/1/2022 4:11 pm,36.0,1,1265.76
2643,9/1/2022 5:13 pm,36.0,1,146.37
2644,9/1/2022 6:11 pm,36.0,1,126.65
2645,9/1/2022 8:11 pm,36.0,1,1495.0
2646,9/2/2022 6:13 am,36.0,1,505.75
2647,9/2/2022 7:12 am,36.0,1,540.0
2648,9/2/2022 9:15 am,36.0,1,416.5
2649,9/2/2022 2:10 pm,36.0,1,1146.78
2650,9/2/2022 3:15 pm,36.0,1,860.0
2651,9/2/2022 3:15 pm,36.0,1,315.6
2652,9/2/2022 4:11 pm,36.0,1,619.2
2653,9/2/2022 4:11 pm,36.0,1,211.2
2654,9/2/2022 6:12 pm,36.0,1,1912.5
2655,9/2/2022 10:10 pm,36.0,1,60.0
2656,9/3/2022 6:12 am,36.0,1,731.0
2657,9/3/2022 8:12 am,36.0,1,1505.52
2658,9/3/2022 10:14 am,36.0,1,420.75
2659,9/3/2022 10:14 am,36.0,1,1441.59
2660,9/3/2022 10:14 am,36.0,1,532.08
2661,9/3/2022 11:13 am,36.0,1,1235.2
2662,9/3/2022 11:13 am,36.0,1,510.4
2663,9/3/2022 2:11 pm,36.0,1,60.0
2664,9/3/2022 3:13 pm,36.0,1,800.0
2665,9/3/2022 6:12 pm,36.0,1,126.9
2666,9/3/2022 10:11 pm,36.0,1,828.24
2667,9/4/2022 8:12 am,36.0,1,151.2
2668,9/4/2022 8:12 am,36.0,1,94.4
2669,9/4/2022 10:10 am,36.0,1,456.45
2670,9/4/2022 11:13 am,36.0,1,1276.8
2671,9/4/2022 11:13 am,36.0,1,328.0
2672,9/4/2022 11:13 am,36.0,1,239.2
2673,9/4/2022 11:13 am,36.0,1,657.0
2674,9/4/2022 1:12 pm,36.0,1,675.75
2675,9/4/2022 1:12 pm,36.0,1,102.2
2676,9/4/2022 3:12 pm,36.0,1,602.65
2677,9/4/2022 3:12 pm,36.0,1,635.2
2678,9/4/2022 3:12 pm,36.0,1,13423.2
2679,9/4/2022 3:12 pm,36.0,1,335.2
2680,9/5/2022 5:12 am,37.0,1,1064.16
2681,9/5/2022 7:13 am,37.0,1,1450.95
2682,9/5/2022 7:13 am,37.0,1,1216.74
2683,9/5/2022 8:13 am,37.0,1,1083.23
2684,9/5/2022 9:13 am,37.0,1,60.0
2685,9/5/2022 9:13 am,37.0,1,473.01
2686,9/5/2022 11:11 am,37.0,1,87.3
2687,9/5/2022 12:12 pm,37.0,1,1246.82
2688,9/5/2022 1:12 pm,37.0,1,2089.06
2689,9/5/2022 2:13 pm,37.0,1,475.4
2690,9/5/2022 4:12 pm,37.0,1,105.0
2691,9/5/2022 6:12 pm,37.0,1,1452.96
2692,9/5/2022 6:12 pm,37.0,1,228.48
2693,9/5/2022 6:12 pm,37.0,1,3623.14
2694,9/5/2022 6:12 pm,37.0,1,930.24
2695,9/5/2022 6:13 pm,37.0,1,204.8
2696,9/5/2022 6:13 pm,37.0,1,362.5
2697,9/5/2022 6:13 pm,37.0,1,2134.38
2698,9/5/2022 8:14 pm,37.0,1,255.6
2699,9/5/2022 8:14 pm,37.0,1,743.2
2700,9/5/2022 8:14 pm,37.0,1,484.46
2701,9/5/2022 8:14 pm,37.0,1,362.5
2702,9/5/2022 8:15 pm,37.0,1,1171.62
2703,9/5/2022 8:15 pm,37.0,1,924.8
2704,9/5/2022 10:11 pm,37.0,1,3128.88
2705,9/5/2022 10:11 pm,37.0,1,2203.2
2706,9/5/2022 10:11 pm,37.0,1,4640.5
2707,9/5/2022 11:12 pm,37.0,1,350.0
2708,9/6/2022 12:12 am,37.0,1,1556.64
2709,9/6/2022 12:12 am,37.0,1,431.2
2710,9/6/2022 12:13 am,37.0,1,420.75
2711,9/6/2022 8:14 am,37.0,1,36.58
2712,9/6/2022 8:14 am,37.0,1,348.8
2713,9/6/2022 8:14 am,37.0,1,552.46
2714,9/6/2022 9:47 am,37.0,1,299.2
2715,9/6/2022 10:15 am,37.0,1,471.2
2716,9/6/2022 10:15 am,37.0,1,878.4
2717,9/6/2022 10:33 am,37.0,1,268.6
2718,9/6/2022 11:16 am,37.0,1,782.0
2719,9/6/2022 11:22 am,37.0,1,505.75
2720,9/6/2022 3:12 pm,37.0,1,508.73
2721,9/6/2022 4:12 pm,37.0,1,415.2
2722,9/6/2022 4:18 pm,37.0,1,40.0
2723,9/6/2022 4:20 pm,37.0,1,1149.9
2724,9/6/2022 7:12 pm,37.0,1,655.2
2725,9/6/2022 10:12 pm,37.0,1,199.9
2726,9/7/2022 6:14 am,37.0,1,1204.2
2727,9/7/2022 7:11 am,37.0,1,2097.0
2728,9/7/2022 8:31 am,37.0,1,145.6
2729,9/7/2022 9:12 am,37.0,1,60.0
2730,9/7/2022 9:13 am,37.0,1,664.2
2731,9/7/2022 9:13 am,37.0,1,653.3
2732,9/7/2022 10:12 am,37.0,1,1052.8
2733,9/7/2022 11:11 am,37.0,1,250.0
2734,9/7/2022 11:11 am,37.0,1,936.36
2735,9/7/2022 11:11 am,37.0,1,306.0
2736,9/7/2022 11:11 am,37.0,1,475.4
2737,9/7/2022 11:11 am,37.0,1,771.12
2738,9/7/2022 12:13 pm,37.0,1,2022.88
2739,9/7/2022 5:12 pm,37.0,1,475.4
2740,9/7/2022 7:12 pm,37.0,1,625.6
2741,9/7/2022 7:12 pm,37.0,1,475.4
2742,9/8/2022 8:13 am,37.0,1,762.96
2743,9/8/2022 8:13 am,37.0,1,118.15
2744,9/8/2022 12:12 pm,37.0,1,1103.3
2745,9/8/2022 2:12 pm,37.0,1,344.25
2746,9/8/2022 2:50 pm,37.0,1,48.98
2747,9/8/2022 3:13 pm,37.0,1,569.6
2748,9/8/2022 5:02 pm,37.0,1,390.4
2749,9/8/2022 5:12 pm,37.0,1,2302.65
2750,9/8/2022 11:12 pm,37.0,1,608.17
2751,9/9/2022 8:12 am,37.0,1,375.0
2752,9/9/2022 11:14 am,37.0,1,740.77
2753,9/9/2022 1:14 pm,37.0,1,553.86
2754,9/9/2022 2:14 pm,37.0,1,1620.0
2755,9/9/2022 10:11 pm,37.0,1,475.4
2756,9/10/2022 12:11 am,37.0,1,505.75
2757,9/10/2022 1:13 am,37.0,1,755.05
2758,9/10/2022 8:12 am,37.0,1,1127.95
2759,9/10/2022 10:10 am,37.0,1,2127.72
2760,9/10/2022 10:48 am,37.0,1,1160.0
2761,9/10/2022 11:12 am,37.0,1,2623.44
2762,9/11/2022 6:14 am,37.0,1,335.75
2763,9/11/2022 11:12 am,37.0,1,398.65
2764,9/11/2022 12:12 pm,37.0,1,841.5
2765,9/11/2022 1:12 pm,37.0,1,475.4
2766,9/11/2022 10:11 pm,37.0,1,149.0
2767,9/12/2022 10:11 am,38.0,1,260.8
2768,9/12/2022 10:11 am,38.0,1,143.64
2769,9/12/2022 12:11 pm,38.0,1,475.4
2770,9/12/2022 1:10 pm,38.0,1,719.9
2771,9/12/2022 2:12 pm,38.0,1,1435.14
2772,9/12/2022 6:13 pm,38.0,1,618.0
2773,9/12/2022 7:12 pm,38.0,1,2550.0
2774,9/12/2022 7:12 pm,38.0,1,318.74
2775,9/12/2022 8:12 pm,38.0,1,1074.65
2776,9/13/2022 12:12 am,38.0,1,311.07
2777,9/13/2022 7:16 am,38.0,1,2080.0
2778,9/13/2022 11:11 am,38.0,1,505.75
2779,9/13/2022 1:17 pm,38.0,1,306.0
2780,9/13/2022 2:01 pm,36.0,1,1360.0
2781,9/13/2022 2:12 pm,38.0,1,759.95
2782,9/13/2022 8:12 pm,38.0,1,91.75
2783,9/14/2022 8:11 am,38.0,1,36.95
2784,9/14/2022 12:55 pm,38.0,1,88.0
2785,9/14/2022 1:56 pm,38.0,1,1062.76
2786,9/14/2022 3:11 pm,38.0,1,1962.65
2787,9/14/2022 5:13 pm,38.0,1,1103.3
2788,9/14/2022 5:13 pm,38.0,1,665.6
2789,9/14/2022 5:13 pm,38.0,1,156.8
2790,9/14/2022 8:12 pm,38.0,1,505.75
2791,9/14/2022 11:11 pm,38.0,1,211.2
2792,9/15/2022 9:12 am,38.0,1,362.5
2793,9/15/2022 10:13 am,38.0,1,100.0
2794,9/15/2022 10:13 am,38.0,1,237.15
2795,9/15/2022 1:14 pm,38.0,1,514.96
2796,9/15/2022 5:12 pm,38.0,1,1796.45
2797,9/15/2022 7:13 pm,38.0,1,294.4
2798,9/15/2022 8:11 pm,38.0,1,366.4
2799,9/15/2022 11:11 pm,38.0,1,126.65
2800,9/16/2022 7:13 am,38.0,1,420.75
2801,9/16/2022 11:14 am,38.0,1,160.65
2802,9/16/2022 2:12 pm,38.0,1,625.5
2803,9/16/2022 2:12 pm,38.0,1,1794.52
2804,9/16/2022 4:11 pm,38.0,1,1323.45
2805,9/16/2022 6:12 pm,38.0,1,862.52
2806,9/16/2022 6:12 pm,38.0,1,1081.2
2807,9/16/2022 8:11 pm,38.0,1,1180.65
2808,9/17/2022 7:12 am,38.0,1,628.67
2809,9/17/2022 12:13 pm,38.0,1,594.15
2810,9/17/2022 4:12 pm,38.0,1,83.95
2811,9/18/2022 9:12 am,38.0,1,425.0
2812,9/18/2022 12:11 pm,38.0,1,3420.0
2813,9/18/2022 5:11 pm,38.0,1,378.25
2814,9/18/2022 10:11 pm,38.0,1,328.0
2815,9/19/2022 4:12 am,39.0,1,259.2
2816,9/19/2022 7:15 am,39.0,1,2890.0
2817,9/19/2022 8:14 am,39.0,1,3086.4
2818,9/19/2022 10:17 am,39.0,1,911.2
2819,9/19/2022 10:17 am,39.0,1,985.15
2820,9/19/2022 10:33 am,38.0,1,635.2
2821,9/19/2022 12:14 pm,39.0,1,458.15
2822,9/19/2022 2:14 pm,39.0,1,2180.76
2823,9/19/2022 2:14 pm,39.0,1,1665.15
2824,9/19/2022 9:11 pm,39.0,1,948.4
2825,9/19/2022 10:12 pm,39.0,1,409.57
2826,9/20/2022 8:14 am,39.0,1,1304.0
2827,9/20/2022 10:11 am,39.0,1,1155.28
2828,9/20/2022 12:12 pm,39.0,1,2503.2
2829,9/20/2022 1:24 pm,39.0,1,627.3
2830,9/20/2022 2:12 pm,39.0,1,747.3
2831,9/20/2022 2:12 pm,39.0,1,362.5
2832,9/20/2022 4:14 pm,39.0,1,2778.01
2833,9/20/2022 4:14 pm,39.0,1,485.0
2834,9/20/2022 6:12 pm,39.0,1,699.0
2835,9/20/2022 8:11 pm,39.0,1,130.05
2836,9/21/2022 11:11 pm,39.0,1,1774.8
2837,9/22/2022 12:11 am,39.0,1,86.94
2838,9/22/2022 7:13 am,39.0,1,564.4
2839,9/22/2022 8:12 am,39.0,1,343.4
2840,9/22/2022 10:03 am,39.0,1,642.6
2841,9/22/2022 1:51 pm,39.0,1,1989.98
2842,9/23/2022 10:12 am,39.0,1,1055.7
2843,9/23/2022 11:07 am,39.0,1,0.0
2844,9/22/2022 8:28 pm,39.0,1,1791.25
2845,9/22/2022 9:45 pm,39.0,1,1341.3
2846,9/23/2022 10:08 pm,39.0,1,696.46
2847,9/25/2022 12:16 pm,39.0,1,670.95
2848,9/25/2022 6:43 pm,39.0,1,220.37
2849,9/27/2022 4:26 pm,40.0,1,249.0
2850,9/27/2022 5:20 pm,40.0,1,1154.3
2851,9/27/2022 7:16 pm,40.0,1,1379.26
2852,9/28/2022 5:25 pm,40.0,1,154.62
2853,9/28/2022 6:09 pm,40.0,1,423.6
2854,9/29/2022 2:37 pm,40.0,1,970.08
2855,9/29/2022 10:48 pm,40.0,1,1264.25
2856,9/29/2022 10:56 pm,40.0,1,377.1
2857,9/30/2022 2:07 am,40.0,1,1282.1
2858,9/30/2022 2:17 pm,40.0,1,753.96
2859,9/30/2022 3:05 pm,40.0,1,1367.65
2860,9/30/2022 4:32 pm,40.0,1,1572.14
2861,9/30/2022 5:54 pm,40.0,1,707.02
2862,9/30/2022 6:11 pm,40.0,1,460.53
2863,9/30/2022 7:12 pm,40.0,1,899.3
2864,9/30/2022 8:48 pm,40.0,1,275.68
2865,9/30/2022 9:02 pm,40.0,1,1890.86
2866,9/30/2022 9:26 pm,40.0,1,2044.25
2867,9/30/2022 10:38 pm,40.0,1,1264.25
2868,9/30/2022 11:47 pm,40.0,1,2243.15
2869,10/1/2022 2:24 pm,40.0,1,3193.21
2870,10/1/2022 5:22 pm,40.0,1,413.4
2871,10/1/2022 9:13 pm,40.0,1,746.95
2872,10/2/2022 12:48 am,40.0,1,1361.73
2873,10/2/2022 6:40 am,40.0,1,576.6
2874,10/2/2022 8:04 am,40.0,1,550.29
2875,10/2/2022 8:24 am,40.0,1,867.67
2876,10/2/2022 10:42 am,40.0,1,688.05
2877,10/2/2022 6:38 pm,40.0,1,466.65
2878,10/2/2022 9:38 pm,40.0,1,1927.28
2879,10/2/2022 10:37 pm,40.0,1,2931.31
2880,10/2/2022 11:06 pm,40.0,1,445.02
2881,10/3/2022 7:18 am,41.0,1,1628.6
2882,10/3/2022 8:54 am,41.0,1,449.84
2883,10/3/2022 9:03 am,41.0,1,432.61
2884,10/3/2022 10:27 am,41.0,1,1584.4
2885,10/3/2022 11:42 am,41.0,1,220.24
2886,10/3/2022 2:47 pm,41.0,1,254.15
2887,10/3/2022 2:56 pm,41.0,1,645.96
2888,10/3/2022 2:58 pm,41.0,1,453.56
2889,10/3/2022 3:02 pm,41.0,1,457.3
2890,10/3/2022 3:08 pm,41.0,1,97.15
2891,10/3/2022 3:22 pm,41.0,1,134.6
2892,10/3/2022 4:05 pm,41.0,1,1066.95
2893,10/3/2022 5:06 pm,41.0,1,215.6
2894,10/3/2022 6:37 pm,41.0,1,1514.84
2895,10/3/2022 11:13 pm,41.0,1,449.65
2896,10/4/2022 10:35 am,41.0,1,304.3
2897,10/4/2022 12:12 pm,41.0,1,551.1
2898,10/4/2022 12:48 pm,41.0,1,120.96
2899,10/4/2022 1:06 pm,41.0,1,939.34
2900,10/4/2022 1:54 pm,41.0,1,1673.62
2901,10/4/2022 2:23 pm,41.0,1,492.15
2902,10/4/2022 2:45 pm,41.0,1,272.73
2903,10/4/2022 2:52 pm,41.0,1,638.08
2904,10/4/2022 4:55 pm,41.0,1,968.16
2905,10/4/2022 4:56 pm,41.0,1,277.0
2906,10/4/2022 7:04 pm,41.0,1,347.65
2907,10/4/2022 7:57 pm,41.0,1,1110.4
2908,10/4/2022 8:22 pm,41.0,1,644.3
2909,10/4/2022 9:15 pm,41.0,1,432.1
2910,10/4/2022 9:35 pm,41.0,1,530.37
2911,10/5/2022 11:18 am,41.0,1,1088.9
2912,10/5/2022 2:25 pm,41.0,1,467.46
2913,10/5/2022 2:50 pm,41.0,1,360.0
2914,10/5/2022 3:41 pm,41.0,1,330.65
2915,10/5/2022 3:54 pm,41.0,1,432.65
2916,10/5/2022 5:23 pm,41.0,1,670.81
2917,10/5/2022 5:26 pm,41.0,1,923.95
2918,10/5/2022 7:14 pm,41.0,1,100.6
2919,10/5/2022 7:31 pm,41.0,1,1792.95
2920,10/5/2022 11:59 pm,41.0,1,203.15
2921,10/6/2022 8:10 am,41.0,1,474.6
2922,10/6/2022 8:59 am,41.0,1,323.91
2923,10/6/2022 10:30 am,41.0,1,406.3
2924,10/6/2022 11:12 am,41.0,1,756.0
2925,10/6/2022 11:22 am,41.0,1,440.0
2926,10/6/2022 12:20 pm,41.0,1,3255.15
2927,10/6/2022 1:17 pm,41.0,1,347.1
2928,10/6/2022 1:23 pm,41.0,1,2039.26
2929,10/6/2022 1:28 pm,41.0,1,2580.0
2930,10/6/2022 2:03 pm,41.0,1,1377.0
2931,10/6/2022 3:28 pm,41.0,1,260.1
2932,10/6/2022 4:11 pm,41.0,1,296.1
2933,10/6/2022 4:31 pm,41.0,1,850.47
2934,10/6/2022 5:41 pm,41.0,1,269.95
2935,10/6/2022 7:34 pm,41.0,1,242.96
2936,10/6/2022 7:52 pm,41.0,1,39.08
2937,10/6/2022 9:10 pm,41.0,1,2192.15
2938,10/6/2022 9:31 pm,41.0,1,431.25
2939,10/7/2022 9:16 am,41.0,1,599.98
2940,10/7/2022 12:27 pm,41.0,1,432.93
2941,10/7/2022 2:19 pm,41.0,1,754.25
2942,10/7/2022 2:54 pm,41.0,1,709.75
2943,10/7/2022 4:05 pm,41.0,1,287.42
2944,10/7/2022 4:24 pm,41.0,1,757.7
2945,10/7/2022 6:27 pm,41.0,1,678.3
2946,10/7/2022 6:46 pm,41.0,1,89.9
2947,10/7/2022 9:48 pm,41.0,1,423.54
2948,10/8/2022 12:36 am,41.0,1,112.71
2949,10/8/2022 8:44 am,41.0,1,1717.15
2950,10/8/2022 9:06 am,41.0,1,1756.88
2951,10/8/2022 9:14 am,41.0,1,634.36
2952,10/8/2022 12:01 pm,41.0,1,913.03
2953,10/8/2022 1:46 pm,41.0,1,737.1
2954,10/8/2022 9:36 pm,41.0,1,2613.63
2955,10/8/2022 9:37 pm,41.0,1,547.95
2956,10/8/2022 9:52 pm,41.0,1,476.95
2957,10/9/2022 2:01 am,41.0,1,337.5
2958,10/9/2022 10:32 am,41.0,1,238.0
2959,10/9/2022 12:22 pm,41.0,1,1339.63
2960,10/9/2022 12:47 pm,41.0,1,984.3
2961,10/9/2022 1:50 pm,41.0,1,1122.0
2962,10/9/2022 2:05 pm,41.0,1,1246.95
2963,10/9/2022 2:48 pm,41.0,1,672.99
2964,10/9/2022 4:06 pm,41.0,1,53.9
2965,10/9/2022 4:18 pm,41.0,1,1406.03
2966,10/9/2022 4:41 pm,41.0,1,1461.83
2967,10/9/2022 6:44 pm,41.0,1,2774.7
2968,10/9/2022 8:34 pm,41.0,1,692.89
2969,10/9/2022 9:42 pm,41.0,1,1062.5
2970,10/9/2022 9:47 pm,41.0,1,1474.2
2971,10/9/2022 10:11 pm,41.0,1,756.68
2972,10/9/2022 11:33 pm,41.0,1,349.45
2973,10/10/2022 1:28 pm,42.0,1,1151.2
2974,10/10/2022 1:37 pm,42.0,1,1152.12
2975,10/10/2022 3:51 pm,42.0,1,346.0
2976,10/10/2022 4:08 pm,42.0,1,1780.24
2977,10/10/2022 4:25 pm,42.0,1,683.1
2978,10/10/2022 6:39 pm,42.0,1,1406.04
2979,10/10/2022 8:55 pm,42.0,1,1616.0
2980,10/10/2022 9:50 pm,42.0,1,1456.22
2981,10/11/2022 5:25 am,42.0,1,4942.5
2982,10/11/2022 7:42 am,42.0,1,547.05
2983,10/11/2022 8:40 am,42.0,1,524.8
2984,10/11/2022 9:56 am,42.0,1,319.0
2985,10/11/2022 10:17 am,42.0,1,271.93
2986,10/11/2022 10:31 am,42.0,1,520.05
2987,10/11/2022 11:43 am,42.0,1,985.15
2988,10/11/2022 11:49 am,42.0,1,481.48
2989,10/11/2022 12:28 pm,42.0,1,269.0
2990,10/11/2022 4:07 pm,42.0,1,844.35
2991,10/11/2022 5:18 pm,42.0,1,1920.15
2992,10/12/2022 11:51 am,42.0,1,339.15
2993,10/12/2022 12:13 pm,42.0,1,1144.95
2994,10/12/2022 1:32 pm,42.0,1,1791.25
2995,10/12/2022 1:47 pm,42.0,1,578.95
2996,10/12/2022 2:42 pm,42.0,1,2087.95
2997,10/12/2022 2:49 pm,42.0,1,651.6
2998,10/12/2022 3:37 pm,42.0,1,1576.19
2999,10/12/2022 3:49 pm,42.0,1,243.23
3000,10/12/2022 5:27 pm,42.0,1,857.92
3001,10/12/2022 6:11 pm,42.0,1,984.3
3002,10/12/2022 10:25 pm,42.0,1,2957.05
3003,10/12/2022 10:35 pm,42.0,1,797.9
3004,10/13/2022 6:18 am,42.0,1,1398.24
3005,10/13/2022 8:24 am,42.0,1,911.99
3006,10/13/2022 10:59 am,42.0,1,1453.66
3007,10/13/2022 1:15 pm,42.0,1,969.0
3008,10/13/2022 1:19 pm,42.0,1,737.1
3009,10/13/2022 2:23 pm,42.0,1,1349.33
3010,10/13/2022 2:27 pm,42.0,1,459.0
3011,10/13/2022 5:37 pm,42.0,1,1553.55
3012,10/13/2022 6:24 pm,42.0,1,930.96
3013,10/13/2022 6:41 pm,42.0,1,1469.91
3014,10/13/2022 10:13 pm,42.0,1,1568.0
3015,10/13/2022 10:34 pm,42.0,1,1086.28
3016,10/13/2022 10:54 pm,42.0,1,745.6
3017,10/13/2022 11:47 pm,42.0,1,466.1
3018,10/14/2022 9:23 am,42.0,1,1537.1
3019,10/14/2022 10:20 am,42.0,1,653.28
3020,10/14/2022 10:29 am,42.0,1,2326.99
3021,10/14/2022 10:34 am,42.0,1,466.79
3022,10/14/2022 3:18 pm,42.0,1,396.0
3023,10/14/2022 3:29 pm,42.0,1,1013.25
3024,10/14/2022 4:22 pm,42.0,1,237.2
3025,10/14/2022 4:29 pm,42.0,1,2135.67
3026,10/14/2022 4:34 pm,42.0,1,2943.15
3027,10/14/2022 5:15 pm,42.0,1,643.95
3028,10/14/2022 6:12 pm,42.0,1,1621.33
3029,10/14/2022 6:26 pm,42.0,1,1644.78
3030,10/14/2022 7:28 pm,42.0,1,303.65
3031,10/14/2022 9:47 pm,42.0,1,1781.02
3032,10/14/2022 9:49 pm,42.0,1,840.0
3033,10/15/2022 1:14 am,42.0,1,594.15
3034,10/15/2022 8:31 am,42.0,1,835.05
3035,10/15/2022 6:19 pm,42.0,1,1749.3
3036,10/15/2022 8:22 pm,42.0,1,509.15
3037,10/16/2022 7:42 am,42.0,1,738.65
3038,10/16/2022 10:03 am,42.0,1,381.1
3039,10/16/2022 10:26 am,42.0,1,1015.08
3040,10/16/2022 11:37 am,42.0,1,1892.8
3041,10/16/2022 11:43 am,42.0,1,1323.04
3042,10/16/2022 12:12 pm,42.0,1,1282.95
3043,10/16/2022 2:27 pm,42.0,1,1085.95
3044,10/16/2022 4:41 pm,42.0,1,1402.92
3045,10/16/2022 5:57 pm,42.0,1,670.87
3046,10/16/2022 6:16 pm,42.0,1,1146.93
3047,10/16/2022 7:16 pm,42.0,1,643.5
3048,10/16/2022 8:06 pm,42.0,1,323.1
3049,10/16/2022 8:25 pm,42.0,1,3343.81
3050,10/16/2022 9:37 pm,42.0,1,300.35
3051,10/16/2022 9:41 pm,42.0,1,760.82
3052,10/17/2022 3:32 am,43.0,1,534.61
3053,10/17/2022 9:48 am,43.0,1,1713.81
3054,10/17/2022 10:13 am,43.0,1,590.85
3055,10/17/2022 11:00 am,43.0,1,687.1
3056,10/17/2022 11:59 am,43.0,1,3713.65
3057,10/17/2022 12:45 pm,43.0,1,665.6
3058,10/17/2022 1:54 pm,43.0,1,443.55
3059,10/17/2022 3:49 pm,43.0,1,329.25
3060,10/17/2022 5:56 pm,43.0,1,378.53
3061,10/17/2022 8:41 pm,43.0,1,561.91
3062,10/17/2022 9:16 pm,43.0,1,321.5
3063,10/17/2022 10:24 pm,43.0,1,407.15
3064,10/17/2022 10:47 pm,43.0,1,959.89
3065,10/17/2022 11:01 pm,43.0,1,519.95
3066,10/18/2022 2:17 am,43.0,1,181.83
3067,10/18/2022 2:18 am,43.0,1,1023.79
3068,10/18/2022 2:55 am,43.0,1,775.19
3069,10/18/2022 9:13 am,43.0,1,1579.8
3070,10/18/2022 9:35 am,43.0,1,1657.6
3071,10/18/2022 10:48 am,43.0,1,752.55
3072,10/18/2022 11:59 am,43.0,1,746.75
3073,10/18/2022 3:17 pm,43.0,1,3796.0
3074,10/18/2022 4:03 pm,43.0,1,544.2
3075,10/18/2022 4:34 pm,43.0,1,1758.0
3076,10/18/2022 4:57 pm,43.0,1,470.45
3077,10/18/2022 5:22 pm,43.0,1,341.1
3078,10/18/2022 5:43 pm,43.0,1,164.5
3079,10/18/2022 7:28 pm,43.0,1,509.92
3080,10/18/2022 7:33 pm,43.0,1,338.6
3081,10/18/2022 8:03 pm,43.0,1,1014.9
3082,10/18/2022 9:51 pm,43.0,1,2353.65
3083,10/18/2022 9:51 pm,43.0,1,1312.0
3084,10/18/2022 9:56 pm,43.0,1,277.2
3085,10/19/2022 8:13 am,43.0,1,2428.75
3086,10/19/2022 8:48 am,43.0,1,428.37
3087,10/19/2022 9:47 am,43.0,1,418.0
3088,10/19/2022 9:58 am,43.0,1,845.95
3089,10/19/2022 1:53 pm,43.0,1,1758.0
3090,10/19/2022 3:43 pm,43.0,1,1290.22
3091,10/19/2022 4:14 pm,43.0,1,102.98
3092,10/19/2022 5:14 pm,43.0,1,3838.35
3093,10/19/2022 5:34 pm,43.0,1,1376.31
3094,10/19/2022 7:56 pm,43.0,1,458.96
3095,10/19/2022 9:27 pm,43.0,1,169.15
3096,10/19/2022 10:19 pm,43.0,1,664.95
3097,10/19/2022 10:31 pm,43.0,1,269.17
3098,10/19/2022 11:51 pm,43.0,1,147.85
3099,10/20/2022 12:13 am,43.0,1,379.95
3100,10/20/2022 4:47 am,43.0,1,2799.95
3101,10/20/2022 7:37 am,43.0,1,369.98
3102,10/20/2022 9:53 am,43.0,1,368.2
3103,10/20/2022 12:21 pm,43.0,1,513.7
3104,10/20/2022 12:25 pm,43.0,1,339.15
3105,10/20/2022 1:00 pm,43.0,1,256.98
3106,10/20/2022 1:51 pm,43.0,1,330.65
3107,10/20/2022 5:35 pm,43.0,1,540.0
3108,10/20/2022 6:01 pm,43.0,1,359.1
3109,10/20/2022 6:13 pm,43.0,1,974.41
3110,10/20/2022 8:03 pm,43.0,1,168.0
3111,10/20/2022 8:09 pm,43.0,1,877.81
3112,10/20/2022 9:07 pm,43.0,1,339.15
3113,10/20/2022 9:24 pm,43.0,1,363.95
3114,10/20/2022 9:35 pm,43.0,1,1892.26
3115,10/20/2022 11:38 pm,43.0,1,580.85
3116,10/21/2022 1:06 am,43.0,1,2655.95
3117,10/21/2022 9:22 am,43.0,1,1250.0
3118,10/21/2022 10:06 am,43.0,1,647.98
3119,10/21/2022 10:44 am,43.0,1,1626.01
3120,10/21/2022 10:51 am,43.0,1,18273.6
3121,10/21/2022 11:16 am,43.0,1,9654.56
3122,10/21/2022 2:15 pm,43.0,1,238.3
3123,10/21/2022 5:20 pm,43.0,1,88.83
3124,10/21/2022 5:42 pm,43.0,1,203.32
3125,10/21/2022 9:09 pm,43.0,1,466.0
3126,10/21/2022 9:31 pm,43.0,1,1893.25
3127,10/22/2022 3:01 am,43.0,1,1421.25
3128,10/22/2022 10:32 am,43.0,1,1273.84
3129,10/22/2022 11:35 am,43.0,1,1205.95
3130,10/22/2022 2:17 pm,43.0,1,1896.15
3131,10/22/2022 2:43 pm,43.0,1,398.0
3132,10/22/2022 3:13 pm,43.0,1,1791.25
3133,10/22/2022 3:15 pm,43.0,1,1844.02
3134,10/22/2022 3:40 pm,43.0,1,2292.75
3135,10/22/2022 4:27 pm,43.0,1,1436.01
3136,10/22/2022 5:01 pm,43.0,1,1499.0
3137,10/22/2022 5:49 pm,43.0,1,629.1
3138,10/22/2022 6:50 pm,43.0,1,2536.0
3139,10/22/2022 7:34 pm,43.0,1,628.15
3140,10/22/2022 9:18 pm,43.0,1,1117.75
3141,10/23/2022 8:47 am,43.0,1,760.02
3142,10/23/2022 8:50 am,43.0,1,1876.54
3143,10/23/2022 11:31 am,43.0,1,1181.28
3144,10/23/2022 12:11 pm,43.0,1,1382.4
3145,10/23/2022 12:15 pm,43.0,1,1251.2
3146,10/23/2022 12:26 pm,43.0,1,1376.49
3147,10/23/2022 12:33 pm,43.0,1,1908.59
3148,10/23/2022 2:10 pm,43.0,1,628.15
3149,10/23/2022 2:27 pm,43.0,1,916.3
3150,10/23/2022 4:25 pm,43.0,1,1172.44
3151,10/23/2022 8:47 pm,43.0,1,302.11
3152,10/23/2022 9:15 pm,43.0,1,1191.45
3153,10/23/2022 9:26 pm,43.0,1,186.15
3154,10/24/2022 10:44 am,44.0,1,1350.99
3155,10/24/2022 11:50 am,44.0,1,521.1
3156,10/24/2022 12:06 pm,44.0,1,572.9
3157,10/24/2022 12:19 pm,44.0,1,552.0
3158,10/24/2022 12:34 pm,44.0,1,1494.45
3159,10/24/2022 1:00 pm,44.0,1,636.1
3160,10/24/2022 3:45 pm,44.0,1,1139.0
3161,10/24/2022 4:07 pm,44.0,1,953.73
3162,10/24/2022 5:35 pm,44.0,1,644.55
3163,10/24/2022 6:28 pm,44.0,1,269.0
3164,10/24/2022 7:58 pm,44.0,1,695.36
3165,10/24/2022 9:13 pm,44.0,1,7456.15
3166,10/24/2022 11:17 pm,44.0,1,433.97
3167,10/24/2022 11:36 pm,44.0,1,466.96
3168,10/25/2022 9:05 am,44.0,1,677.7
3169,10/25/2022 10:46 am,44.0,1,1218.19
3170,10/25/2022 1:21 pm,44.0,1,1321.95
3171,10/25/2022 2:34 pm,44.0,1,1012.39
3172,10/25/2022 2:34 pm,44.0,1,42.0
3173,10/25/2022 3:58 pm,44.0,1,822.78
3174,10/25/2022 6:21 pm,44.0,1,1274.15
3175,10/25/2022 6:30 pm,44.0,1,1089.31
3176,10/25/2022 9:11 pm,44.0,1,805.25
3177,10/25/2022 10:58 pm,44.0,1,675.0
3178,10/26/2022 12:37 am,44.0,1,1317.52
3179,10/26/2022 7:36 am,44.0,1,1247.95
3180,10/26/2022 10:47 am,44.0,1,187.0
3181,10/26/2022 11:02 am,44.0,1,484.46
3182,10/26/2022 12:46 pm,44.0,1,678.0
3183,10/26/2022 2:01 pm,44.0,1,554.67
3184,10/26/2022 2:24 pm,44.0,1,519.0
3185,10/26/2022 3:11 pm,44.0,1,199.0
3186,10/26/2022 3:38 pm,44.0,1,132.3
3187,10/26/2022 3:50 pm,44.0,1,399.96
3188,10/26/2022 4:02 pm,44.0,1,277.92
3189,10/26/2022 5:13 pm,44.0,1,319.05
3190,10/26/2022 8:35 pm,44.0,1,608.6
3191,10/26/2022 9:55 pm,44.0,1,500.65
3192,10/26/2022 10:36 pm,44.0,1,396.14
3193,10/27/2022 1:37 am,44.0,1,527.95
3194,10/27/2022 9:30 am,44.0,1,517.1
3195,10/27/2022 11:20 am,44.0,1,2042.61
3196,10/27/2022 11:39 am,44.0,1,2157.6
3197,10/27/2022 11:58 am,44.0,1,1367.65
3198,10/27/2022 12:01 pm,44.0,1,784.56
3199,10/27/2022 12:41 pm,44.0,1,313.15
3200,10/27/2022 12:49 pm,44.0,1,706.96
3201,10/27/2022 12:56 pm,44.0,1,601.25
3202,10/27/2022 1:52 pm,44.0,1,1014.9
3203,10/27/2022 2:05 pm,44.0,1,295.8
3204,10/27/2022 3:08 pm,44.0,1,227.25
3205,10/27/2022 3:46 pm,44.0,1,446.01
3206,10/27/2022 5:15 pm,44.0,1,578.0
3207,10/27/2022 6:42 pm,44.0,1,233.0
3208,10/27/2022 7:03 pm,44.0,1,834.49
3209,10/27/2022 7:58 pm,44.0,1,1622.3
3210,10/27/2022 10:22 pm,44.0,1,3109.6
3211,10/28/2022 6:43 am,44.0,1,698.32
3212,10/28/2022 12:23 pm,44.0,1,1113.08
3213,10/28/2022 1:29 pm,44.0,1,726.2
3214,10/28/2022 1:43 pm,44.0,1,242.96
3215,10/28/2022 4:20 pm,44.0,1,2376.93
3216,10/28/2022 4:21 pm,44.0,1,879.99
3217,10/28/2022 6:00 pm,44.0,1,540.57
3218,10/28/2022 6:24 pm,44.0,1,3117.5
3219,10/28/2022 6:25 pm,44.0,1,367.1
3220,10/28/2022 8:24 pm,44.0,1,956.09
3221,10/28/2022 9:18 pm,44.0,1,1229.83
3222,10/28/2022 9:59 pm,44.0,1,657.41
3223,10/28/2022 10:05 pm,44.0,1,688.38
3224,10/28/2022 10:49 pm,44.0,1,384.98
3225,10/28/2022 11:15 pm,44.0,1,560.53
3226,10/29/2022 3:50 am,44.0,1,1027.92
3227,10/29/2022 9:56 am,44.0,1,729.0
3228,10/29/2022 10:39 am,44.0,1,882.49
3229,10/29/2022 12:40 pm,44.0,1,506.76
3230,10/29/2022 1:09 pm,44.0,1,1011.84
3231,10/29/2022 1:34 pm,44.0,1,628.15
3232,10/29/2022 2:51 pm,44.0,1,802.95
3233,10/29/2022 5:50 pm,44.0,1,2960.97
3234,10/29/2022 6:56 pm,44.0,1,673.05
3235,10/29/2022 8:44 pm,44.0,1,316.94
3236,10/30/2022 8:54 am,44.0,1,698.61
3237,10/30/2022 9:28 am,44.0,1,1771.2
3238,10/30/2022 12:01 pm,44.0,1,2507.15
3239,10/30/2022 12:04 pm,44.0,1,886.57
3240,10/30/2022 1:47 pm,44.0,1,391.46
3241,10/30/2022 5:28 pm,44.0,1,1628.29
3242,10/30/2022 5:37 pm,44.0,1,418.73
3243,10/30/2022 6:44 pm,44.0,1,2480.26
3244,10/30/2022 6:56 pm,44.0,1,1029.96
3245,10/30/2022 7:50 pm,44.0,1,2360.75
3246,10/30/2022 8:24 pm,44.0,1,542.6
3247,10/30/2022 9:00 pm,44.0,1,988.95
3248,10/30/2022 9:08 pm,44.0,1,512.88
3249,10/30/2022 10:53 pm,44.0,1,782.0
3250,10/31/2022 9:25 am,45.0,1,724.63
3251,10/31/2022 9:54 am,45.0,1,726.2
3252,10/31/2022 10:03 am,45.0,1,637.46
3253,10/31/2022 10:10 am,45.0,1,662.5
3254,10/31/2022 11:49 am,45.0,1,980.74
3255,10/31/2022 12:34 pm,45.0,1,555.9
3256,10/31/2022 1:13 pm,45.0,1,850.0
3257,10/31/2022 1:26 pm,45.0,1,3206.16
3258,10/31/2022 2:22 pm,45.0,1,720.8
3259,10/31/2022 2:51 pm,45.0,1,2038.3
3260,10/31/2022 3:15 pm,45.0,1,548.6
3261,10/31/2022 3:36 pm,45.0,1,4274.95
3262,10/31/2022 6:04 pm,45.0,1,415.08
3263,10/31/2022 9:06 pm,45.0,1,2196.0
3264,10/31/2022 10:22 pm,45.0,1,2404.58
3265,10/31/2022 10:27 pm,45.0,1,339.0
3266,10/31/2022 10:48 pm,45.0,1,1129.95
3267,11/1/2022 12:21 am,45.0,1,202.99
3268,11/1/2022 2:27 am,45.0,1,2260.5
3269,11/1/2022 11:54 am,45.0,1,219.0
3270,11/1/2022 12:03 pm,45.0,1,899.6
3271,11/1/2022 12:11 pm,45.0,1,475.41
3272,11/1/2022 12:51 pm,45.0,1,164.53
3273,11/1/2022 2:48 pm,45.0,1,670.0
3274,11/1/2022 2:52 pm,45.0,1,627.3
3275,11/1/2022 4:27 pm,45.0,1,367.92
3276,11/1/2022 5:20 pm,45.0,1,379.0
3277,11/1/2022 6:11 pm,45.0,1,539.0
3278,11/1/2022 7:33 pm,45.0,1,127.79
3279,11/1/2022 7:58 pm,45.0,1,1617.57
3280,11/1/2022 9:50 pm,45.0,1,2149.65
3281,11/1/2022 9:52 pm,45.0,1,2067.2
3282,11/2/2022 11:23 am,45.0,1,1101.81
3283,11/2/2022 12:42 pm,45.0,1,254.96
3284,11/2/2022 12:55 pm,45.0,1,1098.0
3285,11/2/2022 3:46 pm,45.0,1,1163.65
3286,11/2/2022 3:55 pm,45.0,1,628.15
3287,11/2/2022 4:09 pm,45.0,1,1133.01
3288,11/2/2022 5:57 pm,45.0,1,789.65
3289,11/2/2022 8:01 pm,45.0,1,1155.82
3290,11/2/2022 8:26 pm,45.0,1,979.92
3291,11/2/2022 9:17 pm,45.0,1,2826.59
3292,11/2/2022 11:35 pm,45.0,1,1860.65
3293,11/3/2022 11:09 am,45.0,1,628.34
3294,11/3/2022 11:20 am,45.0,1,306.0
3295,11/3/2022 11:35 am,45.0,1,304.3
3296,11/3/2022 11:51 am,45.0,1,980.74
3297,11/3/2022 12:04 pm,45.0,1,279.65
3298,11/3/2022 1:34 pm,45.0,1,1383.25
3299,11/3/2022 2:40 pm,45.0,1,1557.2
3300,11/3/2022 3:11 pm,45.0,1,1193.4
3301,11/3/2022 4:18 pm,45.0,1,509.51
3302,11/3/2022 4:40 pm,45.0,1,575.78
3303,11/3/2022 6:19 pm,45.0,1,268.57
3304,11/3/2022 8:41 pm,45.0,1,6107.55
3305,11/3/2022 10:50 pm,45.0,1,420.24
3306,11/4/2022 12:10 am,45.0,1,149.0
3307,11/4/2022 8:35 am,45.0,1,319.0
3308,11/4/2022 11:07 am,45.0,1,749.29
3309,11/4/2022 11:12 am,45.0,1,1051.08
3310,11/4/2022 12:50 pm,45.0,1,536.46
3311,11/4/2022 12:53 pm,45.0,1,356.46
3312,11/4/2022 12:56 pm,45.0,1,296.57
3313,11/4/2022 1:38 pm,45.0,1,1571.95
3314,11/4/2022 1:50 pm,45.0,1,720.3
3315,11/4/2022 1:58 pm,45.0,1,415.12
3316,11/4/2022 2:37 pm,45.0,1,222.6
3317,11/4/2022 3:04 pm,45.0,1,105.0
3318,11/4/2022 3:45 pm,45.0,1,524.37
3319,11/4/2022 3:46 pm,45.0,1,132.3
3320,11/4/2022 4:14 pm,45.0,1,1197.98
3321,11/4/2022 6:31 pm,45.0,1,113.4
3322,11/4/2022 10:52 pm,45.0,1,934.45
3323,11/5/2022 3:07 pm,45.0,1,1462.99
3324,11/5/2022 5:04 pm,45.0,1,53.92
3325,11/5/2022 6:07 pm,45.0,1,628.15
3326,11/5/2022 8:56 pm,45.0,1,380.54
3327,11/5/2022 9:04 pm,45.0,1,136.95
3328,11/6/2022 8:34 am,45.0,1,905.55
3329,11/6/2022 10:44 am,45.0,1,431.31
3330,11/6/2022 2:16 pm,45.0,1,2631.9
3331,11/6/2022 6:06 pm,45.0,1,126.74
3332,11/6/2022 6:13 pm,45.0,1,143.96
3333,11/6/2022 7:46 pm,45.0,1,1123.21
3334,11/6/2022 8:19 pm,45.0,1,431.25
3335,11/6/2022 10:52 pm,45.0,1,260.0
3336,11/6/2022 11:12 pm,45.0,1,3489.89
3337,11/7/2022 12:18 am,46.0,1,654.03
3338,11/7/2022 12:41 am,46.0,1,1375.77
3339,11/7/2022 1:41 am,46.0,1,441.15
3340,11/7/2022 12:39 pm,46.0,1,277.93
3341,11/7/2022 1:25 pm,46.0,1,960.52
3342,11/7/2022 1:54 pm,46.0,1,278.25
3343,11/7/2022 2:29 pm,46.0,1,644.66
3344,11/7/2022 2:51 pm,46.0,1,882.3
3345,11/7/2022 4:23 pm,46.0,1,484.46
3346,11/7/2022 7:30 pm,46.0,1,513.78
3347,11/7/2022 7:33 pm,46.0,1,681.22
3348,11/7/2022 8:42 pm,46.0,1,314.98
3349,11/8/2022 12:03 am,46.0,1,1037.55
3350,11/8/2022 2:26 am,46.0,1,92.02
3351,11/8/2022 9:39 am,46.0,1,3129.0
3352,11/8/2022 12:38 pm,46.0,1,738.53
3353,11/8/2022 2:37 pm,46.0,1,2286.0
3354,11/8/2022 3:06 pm,46.0,1,709.5
3355,11/8/2022 5:05 pm,46.0,1,1256.3
3356,11/8/2022 8:06 pm,46.0,1,841.5
3357,11/9/2022 1:10 am,46.0,1,1599.94
3358,11/9/2022 1:13 am,46.0,1,1533.76
3359,11/9/2022 9:41 am,46.0,1,2998.0
3360,11/9/2022 11:58 am,46.0,1,780.3
3361,11/9/2022 12:15 pm,46.0,1,978.21
3362,11/9/2022 12:16 pm,46.0,1,646.0
3363,11/9/2022 2:44 pm,46.0,1,3850.51
3364,11/9/2022 4:59 pm,46.0,1,602.64
3365,11/9/2022 6:34 pm,46.0,1,352.16
3366,11/9/2022 6:49 pm,46.0,1,1307.3
3367,11/9/2022 7:47 pm,46.0,1,572.27
3368,11/9/2022 8:46 pm,46.0,1,2217.95
3369,11/10/2022 1:49 am,46.0,1,538.9
3370,11/10/2022 4:12 am,46.0,1,591.38
3371,11/10/2022 8:47 am,46.0,1,312.25
3372,11/10/2022 10:31 am,46.0,1,702.95
3373,11/10/2022 10:42 am,46.0,1,1088.31
3374,11/10/2022 11:35 am,46.0,1,602.11
3375,11/10/2022 12:02 pm,46.0,1,338.33
3376,11/10/2022 12:05 pm,46.0,1,954.98
3377,11/10/2022 1:17 pm,46.0,1,2141.15
3378,11/10/2022 2:31 pm,46.0,1,544.96
3379,11/10/2022 2:43 pm,46.0,1,541.28
3380,11/10/2022 3:06 pm,46.0,1,64.6
3381,11/10/2022 3:33 pm,46.0,1,675.62
3382,11/10/2022 4:13 pm,46.0,1,41.38
3383,11/10/2022 5:54 pm,46.0,1,636.65
3384,11/10/2022 8:00 pm,46.0,1,1362.43
3385,11/10/2022 11:50 pm,46.0,1,2443.52
3386,11/11/2022 12:08 am,46.0,1,29.95
3387,11/11/2022 12:31 am,46.0,1,274.98
3388,11/11/2022 2:26 am,46.0,1,3381.3
3389,11/11/2022 10:02 am,46.0,1,1018.3
3390,11/11/2022 11:21 am,46.0,1,478.13
3391,11/11/2022 1:40 pm,46.0,1,1020.0
3392,11/11/2022 1:59 pm,46.0,1,359.4
3393,11/11/2022 2:58 pm,46.0,1,2346.49
3394,11/11/2022 4:43 pm,46.0,1,441.15
3395,11/11/2022 5:04 pm,46.0,1,407.15
3396,11/11/2022 6:13 pm,46.0,1,1137.3
3397,11/11/2022 6:37 pm,46.0,1,489.6
3398,11/11/2022 8:49 pm,46.0,1,199.0
3399,11/11/2022 9:16 pm,46.0,1,1829.19
3400,11/12/2022 10:29 am,46.0,1,2809.55
3401,11/12/2022 10:37 am,46.0,1,1221.45
3402,11/12/2022 10:58 am,46.0,1,1121.75
3403,11/12/2022 2:53 pm,46.0,1,440.0
3404,11/12/2022 3:14 pm,46.0,1,501.9
3405,11/12/2022 3:14 pm,46.0,1,119.8
3406,11/12/2022 5:05 pm,46.0,1,534.6
3407,11/13/2022 8:08 am,46.0,1,307.7
3408,11/13/2022 8:48 am,46.0,1,985.15
3409,11/13/2022 10:40 am,46.0,1,314.34
3410,11/13/2022 1:52 pm,46.0,1,1300.5
3411,11/13/2022 3:09 pm,46.0,1,1970.3
3412,11/13/2022 3:23 pm,46.0,1,1654.0
3413,11/13/2022 5:53 pm,46.0,1,1320.9
3414,11/13/2022 6:02 pm,46.0,1,694.48
3415,11/13/2022 6:16 pm,46.0,1,492.15
3416,11/13/2022 7:41 pm,46.0,1,1274.15
3417,11/14/2022 12:35 am,47.0,1,491.3
3418,11/14/2022 6:35 am,47.0,1,365.4
3419,11/14/2022 1:09 pm,47.0,1,9.0
3420,11/14/2022 3:43 pm,47.0,1,645.96
3421,11/14/2022 4:34 pm,47.0,1,573.76
3422,11/14/2022 4:39 pm,47.0,1,59.9
3423,11/14/2022 5:46 pm,47.0,1,1180.63
3424,11/14/2022 7:53 pm,47.0,1,2276.0
3425,11/14/2022 8:05 pm,47.0,1,1018.3
3426,11/14/2022 8:11 pm,47.0,1,1138.0
3427,11/14/2022 8:34 pm,47.0,1,1367.65
3428,11/14/2022 9:24 pm,47.0,1,795.0
3429,11/15/2022 12:33 am,47.0,1,1542.83
3430,11/15/2022 3:16 am,47.0,1,828.75
3431,11/15/2022 1:12 pm,47.0,1,1495.2
3432,11/15/2022 2:05 pm,47.0,1,532.82
3433,11/15/2022 2:49 pm,47.0,1,219.0
3434,11/15/2022 3:24 pm,47.0,1,940.0
3435,11/15/2022 4:10 pm,47.0,1,2384.1
3436,11/15/2022 6:59 pm,47.0,1,352.0
3437,11/15/2022 9:39 pm,47.0,1,271.15
3438,11/15/2022 9:46 pm,47.0,1,882.73
3439,11/16/2022 5:54 am,47.0,1,156.55
3440,11/16/2022 9:45 am,47.0,1,199.0
3441,11/16/2022 10:21 am,47.0,1,199.0
3442,11/16/2022 10:36 am,47.0,1,467.1
3443,11/16/2022 12:06 pm,47.0,1,143.96
3444,11/16/2022 12:17 pm,47.0,1,356.67
3445,11/16/2022 3:18 pm,47.0,1,271.15
3446,11/16/2022 5:16 pm,47.0,1,2018.24
3447,11/16/2022 6:28 pm,47.0,1,718.25
3448,11/16/2022 7:47 pm,47.0,1,465.8
3449,11/16/2022 7:54 pm,47.0,1,50.96
3450,11/16/2022 9:38 pm,47.0,1,2353.65
3451,11/16/2022 11:18 pm,47.0,1,593.3
3452,11/17/2022 1:32 am,47.0,1,596.7
3453,11/17/2022 9:56 am,47.0,1,999.0
3454,11/17/2022 11:29 am,47.0,1,594.15
3455,11/17/2022 3:50 pm,47.0,1,1503.65
3456,11/17/2022 6:03 pm,47.0,1,399.0
3457,11/17/2022 6:16 pm,47.0,1,2149.65
3458,11/17/2022 8:57 pm,47.0,1,4686.9
3459,11/17/2022 9:38 pm,47.0,1,441.15
3460,11/18/2022 8:25 am,47.0,1,1036.15
3461,11/18/2022 11:37 am,47.0,1,1038.4
3462,11/18/2022 1:06 pm,47.0,1,484.2
3463,11/18/2022 1:27 pm,47.0,1,789.65
3464,11/18/2022 2:52 pm,47.0,1,998.1
3465,11/18/2022 2:54 pm,47.0,1,476.8
3466,11/18/2022 3:12 pm,47.0,1,713.15
3467,11/18/2022 4:49 pm,47.0,1,561.0
3468,11/18/2022 5:26 pm,47.0,1,425.0
3469,11/18/2022 6:20 pm,47.0,1,339.98
3470,11/18/2022 7:16 pm,47.0,1,995.08
3471,11/19/2022 9:11 am,47.0,1,432.0
3472,11/19/2022 9:18 am,47.0,1,300.92
3473,11/19/2022 9:21 am,47.0,1,2528.03
3474,11/19/2022 12:10 pm,47.0,1,6660.6
3475,11/19/2022 1:21 pm,47.0,1,1228.23
3476,11/19/2022 1:26 pm,47.0,1,645.15
3477,11/19/2022 2:24 pm,47.0,1,1206.92
3478,11/19/2022 3:13 pm,47.0,1,1281.83
3479,11/19/2022 4:15 pm,47.0,1,472.25
3480,11/19/2022 4:54 pm,47.0,1,281.99
3481,11/19/2022 5:21 pm,47.0,1,1148.0
3482,11/19/2022 5:34 pm,47.0,1,2114.65
3483,11/19/2022 8:56 pm,47.0,1,516.8
3484,11/20/2022 10:27 am,47.0,1,4839.05
3485,11/20/2022 11:16 am,47.0,1,687.65
3486,11/20/2022 12:07 pm,47.0,1,1495.56
3487,11/20/2022 1:07 pm,47.0,1,207.2
3488,11/20/2022 1:19 pm,47.0,1,412.2
3489,11/20/2022 1:54 pm,47.0,1,968.15
3490,11/20/2022 3:14 pm,47.0,1,95.96
3491,11/20/2022 4:24 pm,47.0,1,492.15
3492,11/20/2022 7:47 pm,47.0,1,1358.56
3493,11/20/2022 11:38 pm,47.0,1,792.0
3494,11/21/2022 2:13 am,48.0,1,1078.65
3495,11/21/2022 1:07 pm,48.0,1,2674.95
3496,11/21/2022 1:34 pm,48.0,1,399.2
3497,11/21/2022 3:38 pm,48.0,1,923.44
3498,11/21/2022 4:50 pm,48.0,1,407.15
3499,11/21/2022 6:27 pm,48.0,1,288.15
3500,11/21/2022 6:50 pm,48.0,1,283.2
3501,11/21/2022 9:27 pm,48.0,1,2310.4
3502,11/21/2022 10:20 pm,48.0,1,1007.6
3503,11/22/2022 2:56 am,48.0,1,237.26
3504,11/22/2022 9:57 am,48.0,1,1861.84
3505,11/22/2022 10:05 am,48.0,1,801.04
3506,11/22/2022 10:14 am,48.0,1,660.96
3507,11/22/2022 10:29 am,48.0,1,2374.56
3508,11/22/2022 12:48 pm,48.0,1,431.2
3509,11/22/2022 12:48 pm,48.0,1,1719.72
3510,11/22/2022 12:56 pm,48.0,1,2060.72
3511,11/22/2022 1:27 pm,48.0,1,1567.2
3512,11/22/2022 2:46 pm,48.0,1,141.69
3513,11/22/2022 2:58 pm,48.0,1,689.76
3514,11/22/2022 5:46 pm,48.0,1,1435.0
3515,11/22/2022 6:49 pm,48.0,1,3508.25
3516,11/22/2022 8:09 pm,48.0,1,1837.6
3517,11/22/2022 9:57 pm,48.0,1,638.4
3518,11/22/2022 10:26 pm,48.0,1,2316.0
3519,11/23/2022 12:45 am,48.0,1,1506.56
3520,11/23/2022 6:48 am,48.0,1,709.51
3521,11/23/2022 7:27 am,48.0,1,700.92
3522,11/23/2022 7:33 am,48.0,1,1697.28
3523,11/23/2022 10:15 am,48.0,1,4860.36
3524,11/23/2022 10:23 am,48.0,1,734.4
3525,11/23/2022 11:31 am,48.0,1,166.32
3526,11/23/2022 12:49 pm,48.0,1,743.2
3527,11/23/2022 12:56 pm,48.0,1,367.92
3528,11/23/2022 1:17 pm,48.0,1,1049.6
3529,11/23/2022 1:20 pm,48.0,1,252.67
3530,11/23/2022 1:22 pm,48.0,1,416.0
3531,11/23/2022 1:25 pm,48.0,1,1139.2
3532,11/23/2022 1:28 pm,48.0,1,1548.8
3533,11/23/2022 1:28 pm,48.0,1,884.8
3534,11/23/2022 1:54 pm,48.0,1,550.4
3535,11/23/2022 2:48 pm,48.0,1,470.0
3536,11/23/2022 2:52 pm,48.0,1,881.92
3537,11/23/2022 3:37 pm,48.0,1,1858.74
3538,11/23/2022 3:46 pm,48.0,1,4943.4
3539,11/23/2022 4:04 pm,48.0,1,492.23
3540,11/23/2022 4:14 pm,48.0,1,462.4
3541,11/23/2022 4:15 pm,48.0,1,1167.08
3542,11/23/2022 4:31 pm,48.0,1,786.54
3543,11/23/2022 4:47 pm,48.0,1,383.2
3544,11/23/2022 4:55 pm,48.0,1,613.2
3545,11/23/2022 7:04 pm,48.0,1,89.85
3546,11/23/2022 7:26 pm,48.0,1,751.25
3547,11/23/2022 7:47 pm,48.0,1,665.52
3548,11/23/2022 8:14 pm,48.0,1,840.0
3549,11/23/2022 8:29 pm,48.0,1,262.08
3550,11/23/2022 8:53 pm,48.0,1,342.8
3551,11/23/2022 9:07 pm,48.0,1,186.96
3552,11/23/2022 10:02 pm,48.0,1,658.56
3553,11/23/2022 10:27 pm,48.0,1,1404.0
3554,11/23/2022 10:37 pm,48.0,1,1003.2
3555,11/23/2022 10:43 pm,48.0,1,884.8
3556,11/23/2022 10:49 pm,48.0,1,169.93
3557,11/24/2022 3:05 am,48.0,1,671.76
3558,11/24/2022 8:20 am,48.0,1,3012.4
3559,11/24/2022 8:56 am,48.0,1,1195.44
3560,11/24/2022 9:26 am,48.0,1,408.0
3561,11/24/2022 9:38 am,48.0,1,1461.84
3562,11/24/2022 10:39 am,48.0,1,2023.2
3563,11/24/2022 12:12 pm,48.0,1,287.2
3564,11/24/2022 12:24 pm,48.0,1,655.2
3565,11/24/2022 12:27 pm,48.0,1,2295.2
3566,11/24/2022 12:50 pm,48.0,1,791.31
3567,11/24/2022 1:19 pm,48.0,1,283.2
3568,11/24/2022 1:25 pm,48.0,1,519.0
3569,11/24/2022 1:45 pm,48.0,1,215.2
3570,11/24/2022 2:07 pm,48.0,1,383.35
3571,11/24/2022 2:14 pm,48.0,1,645.96
3572,11/24/2022 3:52 pm,48.0,1,2023.2
3573,11/24/2022 4:48 pm,48.0,1,844.8
3574,11/24/2022 5:11 pm,48.0,1,514.8
3575,11/24/2022 5:34 pm,48.0,1,1539.2
3576,11/24/2022 5:51 pm,48.0,1,263.2
3577,11/24/2022 8:16 pm,48.0,1,173.94
3578,11/24/2022 8:28 pm,48.0,1,1199.2
3579,11/24/2022 9:11 pm,48.0,1,399.5
3580,11/24/2022 11:29 pm,48.0,1,2028.1
3581,11/24/2022 11:48 pm,48.0,1,646.4
3582,11/25/2022 12:41 am,48.0,1,659.98
3583,11/25/2022 12:57 am,48.0,1,568.65
3584,11/25/2022 6:42 am,48.0,1,2767.2
3585,11/25/2022 7:38 am,48.0,1,183.2
3586,11/25/2022 7:39 am,48.0,1,2229.6
3587,11/25/2022 8:31 am,48.0,1,275.2
3588,11/25/2022 10:08 am,48.0,1,302.4
3589,11/25/2022 10:20 am,48.0,1,2119.2
3590,11/25/2022 11:32 am,48.0,1,766.4
3591,11/25/2022 12:00 pm,48.0,1,1000.0
3592,11/25/2022 12:19 pm,48.0,1,743.75
3593,11/25/2022 12:43 pm,48.0,1,578.0
3594,11/25/2022 12:46 pm,48.0,1,544.32
3595,11/25/2022 12:59 pm,48.0,1,1294.4
3596,11/25/2022 1:06 pm,48.0,1,932.95
3597,11/25/2022 1:11 pm,48.0,1,880.0
3598,11/25/2022 1:22 pm,48.0,1,1177.62
3599,11/25/2022 1:30 pm,48.0,1,319.2
3600,11/25/2022 1:39 pm,48.0,1,319.2
3601,11/25/2022 1:50 pm,48.0,1,13686.32
3602,11/25/2022 1:52 pm,48.0,1,238.82
3603,11/25/2022 2:56 pm,48.0,1,540.02
3604,11/25/2022 3:00 pm,48.0,1,1296.0
3605,11/25/2022 3:27 pm,48.0,1,595.32
3606,11/25/2022 3:30 pm,48.0,1,1406.4
3607,11/25/2022 3:31 pm,48.0,1,1534.3
3608,11/25/2022 3:40 pm,48.0,1,719.95
3609,11/25/2022 3:54 pm,48.0,1,366.24
3610,11/25/2022 3:59 pm,48.0,1,412.8
3611,11/25/2022 4:59 pm,48.0,1,809.91
3612,11/25/2022 5:06 pm,48.0,1,2023.2
3613,11/25/2022 5:31 pm,48.0,1,2965.6
3614,11/25/2022 5:36 pm,48.0,1,675.75
3615,11/25/2022 6:09 pm,48.0,1,407.36
3616,11/25/2022 6:38 pm,48.0,1,1672.8
3617,11/25/2022 6:40 pm,48.0,1,1140.48
3618,11/25/2022 8:25 pm,48.0,1,1039.2
3619,11/25/2022 8:39 pm,48.0,1,1029.6
3620,11/25/2022 9:18 pm,48.0,1,2517.6
3621,11/25/2022 9:45 pm,48.0,1,124.32
3622,11/25/2022 9:45 pm,48.0,1,645.96
3623,11/25/2022 10:05 pm,48.0,1,625.42
3624,11/25/2022 10:38 pm,48.0,1,77.28
3625,11/25/2022 10:49 pm,48.0,1,1278.4
3626,11/25/2022 10:56 pm,48.0,1,733.6
3627,11/25/2022 10:59 pm,48.0,1,1103.2
3628,11/26/2022 1:28 am,48.0,1,20.0
3629,11/26/2022 2:50 am,48.0,1,1093.67
3630,11/26/2022 4:28 am,48.0,1,263.2
3631,11/26/2022 8:26 am,48.0,1,441.57
3632,11/26/2022 9:13 am,48.0,1,894.75
3633,11/26/2022 9:13 am,48.0,1,3371.2
3634,11/26/2022 10:49 am,48.0,1,1200.0
3635,11/26/2022 11:01 am,48.0,1,752.0
3636,11/26/2022 11:34 am,48.0,1,591.2
3637,11/26/2022 1:15 pm,48.0,1,113.6
3638,11/26/2022 1:39 pm,48.0,1,493.92
3639,11/26/2022 2:45 pm,48.0,1,815.88
3640,11/26/2022 3:33 pm,48.0,1,575.2
3641,11/26/2022 3:56 pm,48.0,1,1019.2
3642,11/26/2022 3:56 pm,48.0,1,190.08
3643,11/26/2022 4:22 pm,48.0,1,255.2
3644,11/26/2022 5:19 pm,48.0,1,1244.8
3645,11/26/2022 5:38 pm,48.0,1,672.77
3646,11/26/2022 5:40 pm,48.0,1,1761.6
3647,11/26/2022 6:52 pm,48.0,1,252.0
3648,11/26/2022 7:31 pm,48.0,1,1199.2
3649,11/26/2022 7:33 pm,48.0,1,1576.96
3650,11/26/2022 7:52 pm,48.0,1,597.6
3651,11/26/2022 8:38 pm,48.0,1,447.74
3652,11/26/2022 9:42 pm,48.0,1,1262.4
3653,11/26/2022 11:27 pm,48.0,1,1482.0
3654,11/26/2022 11:56 pm,48.0,1,295.96
3655,11/27/2022 12:30 am,48.0,1,430.4
3656,11/27/2022 6:45 am,48.0,1,395.98
3657,11/27/2022 8:51 am,48.0,1,2993.6
3658,11/27/2022 10:12 am,48.0,1,470.0
3659,11/27/2022 10:48 am,48.0,1,1437.6
3660,11/27/2022 11:14 am,48.0,1,1847.2
3661,11/27/2022 12:27 pm,48.0,1,1182.4
3662,11/27/2022 12:36 pm,48.0,1,4181.76
3663,11/27/2022 12:39 pm,48.0,1,383.04
3664,11/27/2022 1:53 pm,48.0,1,497.25
3665,11/27/2022 2:20 pm,48.0,1,3048.8
3666,11/27/2022 4:03 pm,48.0,1,1802.98
3667,11/27/2022 5:15 pm,48.0,1,1118.4
3668,11/27/2022 5:22 pm,48.0,1,743.2
3669,11/27/2022 6:01 pm,48.0,1,508.96
3670,11/27/2022 6:21 pm,48.0,1,1008.49
3671,11/27/2022 7:38 pm,48.0,1,1117.75
3672,11/27/2022 9:42 pm,48.0,1,284.8
3673,11/27/2022 10:02 pm,48.0,1,791.2
3674,11/27/2022 10:07 pm,48.0,1,247.2
3675,11/27/2022 10:27 pm,48.0,1,488.0
3676,11/27/2022 10:49 pm,48.0,1,1103.2
3677,11/27/2022 11:25 pm,48.0,1,1098.24
3678,11/27/2022 11:48 pm,48.0,1,984.3
3679,11/28/2022 3:17 am,49.0,1,629.8
3680,11/28/2022 9:31 am,49.0,1,295.98
3681,11/28/2022 10:15 am,49.0,1,476.92
3682,11/28/2022 11:07 am,49.0,1,984.7
3683,11/28/2022 11:17 am,49.0,1,718.4
3684,11/28/2022 11:41 am,49.0,1,319.2
3685,11/28/2022 11:50 am,49.0,1,286.6
3686,11/28/2022 11:59 am,49.0,1,840.0
3687,11/28/2022 12:05 pm,49.0,1,1199.2
3688,11/28/2022 12:26 pm,49.0,1,303.84
3689,11/28/2022 12:59 pm,49.0,1,470.0
3690,11/28/2022 1:16 pm,49.0,1,163.2
3691,11/28/2022 3:00 pm,49.0,1,800.0
3692,11/28/2022 3:50 pm,49.0,1,967.2
3693,11/28/2022 4:02 pm,49.0,1,835.98
3694,11/28/2022 4:09 pm,49.0,1,286.4
3695,11/28/2022 4:15 pm,49.0,1,353.6
3696,11/28/2022 4:17 pm,49.0,1,1246.47
3697,11/28/2022 4:18 pm,49.0,1,160.5
3698,11/28/2022 4:30 pm,49.0,1,385.2
3699,11/28/2022 5:49 pm,49.0,1,938.02
3700,11/28/2022 6:08 pm,49.0,1,239.2
3701,11/28/2022 6:45 pm,49.0,1,1291.2
3702,11/28/2022 6:59 pm,49.0,1,2716.8
3703,11/28/2022 8:06 pm,49.0,1,413.76
3704,11/28/2022 8:23 pm,49.0,1,161.28
3705,11/28/2022 9:04 pm,49.0,1,89.04
3706,11/28/2022 9:21 pm,49.0,1,2785.36
3707,11/28/2022 10:17 pm,49.0,1,1199.2
3708,11/28/2022 10:21 pm,49.0,1,2870.87
3709,11/28/2022 10:49 pm,49.0,1,443.55
3710,11/28/2022 11:29 pm,49.0,1,170.0
3711,11/28/2022 11:36 pm,49.0,1,285.6
3712,11/28/2022 11:55 pm,49.0,1,1919.2
3713,11/29/2022 12:29 am,49.0,1,215.48
3714,11/29/2022 12:41 am,49.0,1,1339.2
3715,11/29/2022 1:03 am,49.0,1,809.76
3716,11/29/2022 2:59 am,49.0,1,13537.82
3717,11/29/2022 5:49 am,49.0,1,448.0
3718,11/29/2022 7:02 am,49.0,1,1310.4
3719,11/29/2022 8:43 am,49.0,1,255.2
3720,11/29/2022 9:28 am,49.0,1,359.97
3721,11/29/2022 9:32 am,49.0,1,1743.14
3722,11/29/2022 9:48 am,49.0,1,1202.46
3723,11/29/2022 10:53 am,49.0,1,211.96
3724,11/29/2022 11:32 am,49.0,1,319.2
3725,11/29/2022 1:48 pm,49.0,1,959.2
3726,11/29/2022 2:44 pm,49.0,1,671.46
3727,11/29/2022 3:19 pm,49.0,1,685.81
3728,11/29/2022 5:44 pm,49.0,1,155.2
3729,11/29/2022 6:44 pm,49.0,1,422.3
3730,11/29/2022 7:00 pm,49.0,1,508.96
3731,11/29/2022 7:42 pm,49.0,1,959.2
3732,11/29/2022 9:08 pm,49.0,1,3108.8
3733,11/29/2022 9:12 pm,49.0,1,672.0
3734,11/30/2022 12:39 am,49.0,1,1428.84
3735,11/30/2022 8:59 am,49.0,1,1414.4
3736,11/30/2022 9:37 am,49.0,1,839.2
3737,11/30/2022 10:44 am,49.0,1,1053.92
3738,11/30/2022 1:09 pm,49.0,1,440.0
3739,11/30/2022 1:24 pm,49.0,1,118.4
3740,11/30/2022 2:52 pm,49.0,1,1989.12
3741,11/30/2022 4:01 pm,49.0,1,891.65
3742,11/30/2022 5:32 pm,49.0,1,1477.3
3743,11/30/2022 7:03 pm,49.0,1,446.25
3744,11/30/2022 7:24 pm,49.0,1,1258.0
3745,11/30/2022 8:19 pm,49.0,1,549.6
3746,11/30/2022 8:32 pm,49.0,1,1084.8
3747,11/30/2022 11:40 pm,49.0,1,843.1
3748,12/1/2022 12:10 am,49.0,1,200.0
3749,12/1/2022 1:16 am,49.0,1,920.7
3750,12/1/2022 1:52 am,49.0,1,256.0
3751,12/1/2022 2:06 am,49.0,1,405.42
3752,12/1/2022 2:12 am,49.0,1,2748.8
3753,12/1/2022 9:47 am,49.0,1,549.98
3754,12/1/2022 10:31 am,49.0,1,1505.52
3755,12/1/2022 11:34 am,49.0,1,201.6
3756,12/1/2022 11:35 am,49.0,1,2623.44
3757,12/1/2022 1:13 pm,49.0,1,372.8
3758,12/1/2022 1:25 pm,49.0,1,624.0
3759,12/1/2022 1:27 pm,49.0,1,789.6
3760,12/1/2022 1:42 pm,49.0,1,882.3
3761,12/1/2022 2:28 pm,49.0,1,814.3
3762,12/1/2022 2:37 pm,49.0,1,170.0
3763,12/1/2022 3:22 pm,49.0,1,1331.2
3764,12/1/2022 9:55 pm,49.0,1,223.2
3765,12/1/2022 10:00 pm,49.0,1,89.04
3766,12/1/2022 10:16 pm,49.0,1,2235.0
3767,12/1/2022 10:47 pm,49.0,1,808.0
3768,12/1/2022 11:00 pm,49.0,1,214.64
3769,12/1/2022 11:12 pm,49.0,1,985.15
3770,12/2/2022 3:05 am,49.0,1,634.94
3771,12/2/2022 6:05 am,49.0,1,450.5
3772,12/2/2022 8:17 am,49.0,1,110.4
3773,12/2/2022 8:56 am,49.0,1,1592.33
3774,12/2/2022 10:47 am,49.0,1,658.56
3775,12/2/2022 10:53 am,49.0,1,356.96
3776,12/2/2022 12:38 pm,49.0,1,1056.98
3777,12/2/2022 1:01 pm,49.0,1,1118.4
3778,12/2/2022 1:08 pm,49.0,1,728.91
3779,12/2/2022 2:27 pm,49.0,1,892.44
3780,12/2/2022 2:49 pm,49.0,1,1455.2
3781,12/2/2022 3:14 pm,49.0,1,1040.0
3782,12/2/2022 4:04 pm,49.0,1,1542.83
3783,12/2/2022 6:04 pm,49.0,1,302.4
3784,12/2/2022 6:18 pm,49.0,1,1084.05
3785,12/2/2022 10:51 pm,49.0,1,415.2
3786,12/2/2022 11:25 pm,49.0,1,1451.8
3787,12/2/2022 11:31 pm,49.0,1,3548.8
3788,12/3/2022 8:05 am,49.0,1,2078.4
3789,12/3/2022 11:00 am,49.0,1,174.01
3790,12/3/2022 12:27 pm,49.0,1,819.0
3791,12/3/2022 12:52 pm,49.0,1,509.15
3792,12/3/2022 2:42 pm,49.0,1,223.2
3793,12/3/2022 2:49 pm,49.0,1,1682.79
3794,12/3/2022 3:40 pm,49.0,1,798.0
3795,12/3/2022 4:33 pm,49.0,1,637.5
3796,12/3/2022 6:06 pm,49.0,1,319.2
3797,12/3/2022 6:08 pm,49.0,1,2818.56
3798,12/3/2022 6:28 pm,49.0,1,646.0
3799,12/3/2022 6:32 pm,49.0,1,229.46
3800,12/3/2022 8:00 pm,49.0,1,279.2
3801,12/3/2022 8:20 pm,49.0,1,415.2
3802,12/3/2022 9:54 pm,49.0,1,1413.72
3803,12/3/2022 10:45 pm,49.0,1,271.15
3804,12/3/2022 11:01 pm,49.0,1,985.15
3805,12/4/2022 11:09 am,49.0,1,629.1
3806,12/4/2022 12:45 pm,49.0,1,1425.6
3807,12/4/2022 1:12 pm,49.0,1,299.95
3808,12/4/2022 2:02 pm,49.0,1,1018.0
3809,12/4/2022 2:44 pm,49.0,1,779.52
3810,12/4/2022 3:25 pm,49.0,1,203.63
3811,12/4/2022 3:46 pm,49.0,1,218.4
3812,12/4/2022 4:41 pm,49.0,1,327.21
3813,12/4/2022 5:19 pm,49.0,1,284.8
3814,12/4/2022 6:23 pm,49.0,1,907.2
3815,12/4/2022 6:32 pm,49.0,1,356.15
3816,12/4/2022 6:55 pm,49.0,1,707.2
3817,12/4/2022 7:50 pm,49.0,1,473.6
3818,12/4/2022 8:01 pm,49.0,1,721.65
3819,12/4/2022 8:01 pm,49.0,1,1702.4
3820,12/4/2022 9:01 pm,49.0,1,239.82
3821,12/4/2022 9:27 pm,49.0,1,635.8
3822,12/4/2022 10:24 pm,49.0,1,133.82
3823,12/4/2022 10:51 pm,49.0,1,327.96
3824,12/4/2022 11:20 pm,49.0,1,835.76
3825,12/4/2022 11:45 pm,49.0,1,229.46
3826,12/5/2022 12:26 am,50.0,1,359.2
3827,12/5/2022 8:21 am,50.0,1,771.96
3828,12/5/2022 9:35 am,50.0,1,436.8
3829,12/5/2022 9:47 am,50.0,1,510.4
3830,12/5/2022 12:01 pm,50.0,1,686.44
3831,12/5/2022 12:55 pm,50.0,1,302.4
3832,12/5/2022 2:08 pm,50.0,1,3164.55
3833,12/5/2022 2:15 pm,50.0,1,720.68
3834,12/5/2022 2:55 pm,50.0,1,3539.2
3835,12/5/2022 3:36 pm,50.0,1,428.8
3836,12/5/2022 3:42 pm,50.0,1,319.0
3837,12/5/2022 3:58 pm,50.0,1,984.3
3838,12/5/2022 4:51 pm,50.0,1,407.15
3839,12/5/2022 5:29 pm,50.0,1,465.6
3840,12/5/2022 6:14 pm,50.0,1,248.64
3841,12/5/2022 6:32 pm,50.0,1,399.0
3842,12/5/2022 6:46 pm,50.0,1,684.34
3843,12/5/2022 6:54 pm,50.0,1,1099.56
3844,12/5/2022 7:16 pm,50.0,1,566.62
3845,12/5/2022 7:57 pm,50.0,1,319.95
3846,12/5/2022 8:22 pm,50.0,1,1367.65
3847,12/5/2022 8:55 pm,50.0,1,2215.95
3848,12/5/2022 8:59 pm,50.0,1,147.2
3849,12/5/2022 9:02 pm,50.0,1,648.94
3850,12/5/2022 9:27 pm,50.0,1,536.43
3851,12/5/2022 9:32 pm,50.0,1,342.4
3852,12/5/2022 9:42 pm,50.0,1,174.84
3853,12/5/2022 11:15 pm,50.0,1,1487.0
3854,12/6/2022 12:12 am,50.0,1,2550.0
3855,12/6/2022 1:40 am,50.0,1,403.75
3856,12/6/2022 3:01 am,50.0,1,292.0
3857,12/6/2022 6:27 am,50.0,1,223.2
3858,12/6/2022 9:21 am,50.0,1,36.25
3859,12/6/2022 9:29 am,50.0,1,231.84
3860,12/6/2022 9:47 am,50.0,1,191.2
3861,12/6/2022 10:17 am,50.0,1,903.0
3862,12/6/2022 11:52 am,50.0,1,829.92
3863,12/6/2022 2:57 pm,50.0,1,1529.15
3864,12/6/2022 5:15 pm,50.0,1,752.0
3865,12/6/2022 9:10 pm,50.0,1,840.0
3866,12/6/2022 9:40 pm,50.0,1,229.46
3867,12/6/2022 10:28 pm,50.0,1,2088.45
3868,12/7/2022 4:41 am,50.0,1,372.8
3869,12/7/2022 9:51 am,50.0,1,315.2
3870,12/7/2022 10:34 am,50.0,1,1364.25
3871,12/7/2022 10:47 am,50.0,1,1579.3
3872,12/7/2022 10:52 am,50.0,1,1239.3
3873,12/7/2022 11:49 am,50.0,1,3478.0
3874,12/7/2022 12:27 pm,50.0,1,587.52
3875,12/7/2022 12:37 pm,50.0,1,2549.15
3876,12/7/2022 1:09 pm,50.0,1,496.0
3877,12/7/2022 1:56 pm,50.0,1,590.4
3878,12/7/2022 2:49 pm,50.0,1,636.65
3879,12/7/2022 4:18 pm,50.0,1,286.0
3880,12/7/2022 4:46 pm,50.0,1,407.15
3881,12/7/2022 6:09 pm,50.0,1,269.0
3882,12/7/2022 6:46 pm,50.0,1,565.25
3883,12/7/2022 8:48 pm,50.0,1,1706.65
3884,12/8/2022 8:36 am,50.0,1,354.45
3885,12/8/2022 10:00 am,50.0,1,119.0
3886,12/8/2022 1:38 pm,50.0,1,271.15
3887,12/8/2022 2:08 pm,50.0,1,113.4
3888,12/8/2022 3:19 pm,50.0,1,1782.45
3889,12/8/2022 4:11 pm,50.0,1,542.14
3890,12/8/2022 5:29 pm,50.0,1,1671.45
3891,12/9/2022 10:24 am,50.0,1,355.3
3892,12/9/2022 11:15 am,50.0,1,2266.0
3893,12/9/2022 12:16 pm,50.0,1,725.0
3894,12/9/2022 1:15 pm,50.0,1,344.21
3895,12/9/2022 1:21 pm,50.0,1,780.3
3896,12/9/2022 2:23 pm,50.0,1,117.6
3897,12/9/2022 2:41 pm,50.0,1,1232.0
3898,12/9/2022 3:19 pm,50.0,1,1370.96
3899,12/9/2022 4:58 pm,50.0,1,543.15
3900,12/9/2022 5:45 pm,50.0,1,623.55
3901,12/9/2022 6:31 pm,50.0,1,241.23
3902,12/9/2022 8:27 pm,50.0,1,1603.95
3903,12/10/2022 9:43 am,50.0,1,483.0
3904,12/10/2022 1:20 pm,50.0,1,1134.02
3905,12/10/2022 2:15 pm,50.0,1,211.88
3906,12/10/2022 2:33 pm,50.0,1,98.7
3907,12/10/2022 3:13 pm,50.0,1,445.83
3908,12/10/2022 8:18 pm,50.0,1,690.96
3909,12/10/2022 8:21 pm,50.0,1,778.6
3910,12/10/2022 8:32 pm,50.0,1,463.76
3911,12/10/2022 9:28 pm,50.0,1,1435.4
3912,12/10/2022 10:49 pm,50.0,1,938.98
3913,12/10/2022 10:51 pm,50.0,1,909.42
3914,12/11/2022 9:51 am,50.0,1,439.0
3915,12/11/2022 9:51 am,50.0,1,599.94
3916,12/11/2022 11:05 am,50.0,1,437.79
3917,12/11/2022 3:08 pm,50.0,1,1166.88
3918,12/11/2022 4:47 pm,50.0,1,942.25
3919,12/11/2022 5:00 pm,50.0,1,2332.83
3920,12/11/2022 5:04 pm,50.0,1,369.26
3921,12/11/2022 6:21 pm,50.0,1,791.35
3922,12/11/2022 6:29 pm,50.0,1,815.96
3923,12/11/2022 6:40 pm,50.0,1,1890.0
3924,12/11/2022 7:44 pm,50.0,1,615.66
3925,12/11/2022 10:18 pm,50.0,1,826.2
3926,12/12/2022 7:25 am,51.0,1,430.84
3927,12/12/2022 10:32 am,51.0,1,1061.02
3928,12/12/2022 10:36 am,51.0,1,118.79
3929,12/12/2022 12:16 pm,51.0,1,379.0
3930,12/12/2022 1:12 pm,51.0,1,628.15
3931,12/12/2022 3:06 pm,51.0,1,1214.4
3932,12/12/2022 3:54 pm,51.0,1,203.24
3933,12/12/2022 4:26 pm,51.0,1,1774.8
3934,12/12/2022 5:14 pm,51.0,1,120.15
3935,12/12/2022 6:05 pm,51.0,1,508.96
3936,12/12/2022 8:04 pm,51.0,1,235.38
3937,12/12/2022 9:25 pm,51.0,1,359.26
3938,12/12/2022 9:26 pm,51.0,1,117.69
3939,12/12/2022 9:34 pm,51.0,1,106.2
3940,12/12/2022 9:47 pm,51.0,1,116.59
3941,12/12/2022 10:11 pm,51.0,1,99.33
3942,12/12/2022 10:26 pm,51.0,1,443.55
3943,12/12/2022 10:36 pm,51.0,1,527.46
3944,12/12/2022 11:35 pm,51.0,1,99.33
3945,12/13/2022 7:50 am,51.0,1,519.0
3946,12/13/2022 8:00 am,51.0,1,186.98
3947,12/13/2022 9:21 am,51.0,1,799.0
3948,12/13/2022 9:25 am,51.0,1,439.95
3949,12/13/2022 10:28 am,51.0,1,840.65
3950,12/13/2022 11:29 am,51.0,1,173.94
3951,12/13/2022 12:53 pm,51.0,1,511.78
3952,12/13/2022 4:33 pm,51.0,1,501.9
3953,12/13/2022 4:41 pm,51.0,1,13.6
3954,12/13/2022 5:14 pm,51.0,1,753.95
3955,12/13/2022 5:57 pm,51.0,1,753.18
3956,12/13/2022 6:05 pm,51.0,1,699.0
3957,12/13/2022 7:28 pm,51.0,1,1970.3
3958,12/13/2022 7:51 pm,51.0,1,1181.5
3959,12/13/2022 11:49 pm,51.0,1,338.3
3960,12/14/2022 12:08 am,51.0,1,2589.94
3961,12/14/2022 10:07 am,51.0,1,1274.15
3962,12/14/2022 10:53 am,51.0,1,814.55
3963,12/14/2022 11:23 am,51.0,1,277.93
3964,12/14/2022 11:37 am,51.0,1,569.0
3965,12/14/2022 3:32 pm,51.0,1,129.2
3966,12/14/2022 7:44 pm,51.0,1,1075.0
3967,12/14/2022 8:47 pm,51.0,1,721.54
3968,12/14/2022 9:28 pm,51.0,1,349.0
3969,12/14/2022 11:06 pm,51.0,1,759.92
3970,12/15/2022 10:09 am,51.0,1,234.3
3971,12/15/2022 10:52 am,51.0,1,0.0
3972,12/15/2022 11:46 am,51.0,1,483.69
3973,12/15/2022 3:29 pm,51.0,1,655.51
3974,12/15/2022 3:40 pm,51.0,1,900.15
3975,12/15/2022 4:12 pm,51.0,1,625.8
3976,12/15/2022 4:28 pm,51.0,1,1674.06
3977,12/15/2022 5:27 pm,51.0,1,812.24
3978,12/15/2022 5:35 pm,51.0,1,2122.31
3979,12/15/2022 6:03 pm,51.0,1,489.95
3980,12/15/2022 8:44 pm,51.0,1,313.65
3981,12/15/2022 10:51 pm,51.0,1,932.8
3982,12/16/2022 9:46 am,51.0,1,294.0
3983,12/16/2022 11:40 am,51.0,1,302.4
3984,12/16/2022 12:58 pm,51.0,1,1395.0
3985,12/16/2022 1:06 pm,51.0,1,759.0
3986,12/16/2022 5:06 pm,51.0,1,744.88
3987,12/16/2022 10:26 pm,51.0,1,2337.5
3988,12/16/2022 11:50 pm,51.0,1,654.21
3989,12/17/2022 2:16 am,51.0,1,24.0
3990,12/17/2022 7:47 am,51.0,1,7783.86
3991,12/17/2022 12:38 pm,51.0,1,323.0
3992,12/17/2022 12:58 pm,51.0,1,806.95
3993,12/17/2022 3:37 pm,51.0,1,2958.0
3994,12/17/2022 7:20 pm,51.0,1,1387.2
3995,12/17/2022 9:12 pm,51.0,1,541.88
3996,12/18/2022 9:17 am,51.0,1,1105.0
3997,12/18/2022 10:44 pm,51.0,1,1518.95
3998,12/19/2022 8:40 am,52.0,1,308.95
3999,12/19/2022 9:10 am,52.0,1,985.15
4000,12/19/2022 9:26 am,52.0,1,1041.6
4001,12/19/2022 1:45 pm,52.0,1,787.85
4002,12/19/2022 2:35 pm,52.0,1,2209.15
4003,12/19/2022 3:31 pm,52.0,1,468.0
4004,12/19/2022 3:44 pm,52.0,1,675.75
4005,12/19/2022 4:13 pm,52.0,1,716.0
4006,12/19/2022 5:42 pm,52.0,1,880.0
4007,12/19/2022 6:22 pm,52.0,1,559.3
4008,12/19/2022 6:55 pm,52.0,1,209.0
4009,12/19/2022 8:50 pm,52.0,1,969.0
4010,12/19/2022 10:08 pm,52.0,1,509.94
4011,12/20/2022 1:44 am,52.0,1,405.8
4012,12/20/2022 4:26 am,52.0,1,180.0
4013,12/20/2022 6:02 am,52.0,1,339.0
4014,12/20/2022 7:41 am,52.0,1,583.95
4015,12/20/2022 10:48 am,52.0,1,133.82
4016,12/20/2022 11:08 am,52.0,1,479.95
4017,12/20/2022 12:55 pm,52.0,1,2763.6
4018,12/20/2022 1:03 pm,52.0,1,1132.0
4019,12/20/2022 1:16 pm,52.0,1,2044.1
4020,12/20/2022 1:24 pm,52.0,1,1103.3
4021,12/20/2022 7:01 pm,52.0,1,798.15
4022,12/20/2022 8:29 pm,52.0,1,449.1
4023,12/21/2022 10:18 am,52.0,1,807.31
4024,12/21/2022 11:04 am,52.0,1,463.25
4025,12/21/2022 12:30 pm,52.0,1,466.0
4026,12/21/2022 2:09 pm,52.0,1,572.87
4027,12/21/2022 3:15 pm,52.0,1,3478.0
4028,12/21/2022 5:05 pm,52.0,1,356.8
4029,12/21/2022 5:39 pm,52.0,1,296.0
4030,12/21/2022 6:29 pm,52.0,1,1531.2
4031,12/21/2022 6:44 pm,52.0,1,636.49
4032,12/21/2022 6:55 pm,52.0,1,164.88
4033,12/21/2022 7:06 pm,52.0,1,248.0
4034,12/21/2022 11:52 pm,52.0,1,409.94
4035,12/22/2022 9:09 am,52.0,1,542.3
4036,12/22/2022 11:41 am,52.0,1,289.8
4037,12/22/2022 1:17 pm,52.0,1,568.65
4038,12/22/2022 1:28 pm,52.0,1,297.5
4039,12/22/2022 2:06 pm,52.0,1,319.6
4040,12/22/2022 2:39 pm,52.0,1,118.98
4041,12/22/2022 5:26 pm,52.0,1,169.0
4042,12/22/2022 5:41 pm,52.0,1,526.96
4043,12/22/2022 10:40 pm,52.0,1,2805.0
4044,12/22/2022 11:30 pm,52.0,1,1130.5
4045,12/23/2022 6:20 am,52.0,1,188.8
4046,12/23/2022 10:08 am,52.0,1,676.0
4047,12/23/2022 4:28 pm,52.0,1,458.15
4048,12/23/2022 7:06 pm,52.0,1,474.3
4049,12/23/2022 10:15 pm,52.0,1,319.2
4050,12/24/2022 12:55 pm,52.0,1,1357.66
4051,12/24/2022 5:05 pm,52.0,1,666.0
4052,12/24/2022 9:07 pm,52.0,1,593.3
4053,12/24/2022 10:43 pm,52.0,1,305.96
4054,12/25/2022 7:02 am,52.0,1,227.2
4055,12/25/2022 2:31 pm,52.0,1,160.0
4056,12/25/2022 2:59 pm,52.0,1,3490.95
4057,12/25/2022 3:04 pm,52.0,1,279.74
4058,12/25/2022 3:48 pm,52.0,1,731.0
4059,12/25/2022 5:48 pm,52.0,1,316.0
4060,12/25/2022 6:13 pm,52.0,1,299.98
4061,12/25/2022 9:42 pm,52.0,1,2836.63
4062,12/25/2022 10:38 pm,52.0,1,249.0
4063,12/26/2022 9:42 am,1.0,1,457.3
4064,12/26/2022 3:10 pm,1.0,1,406.3
4065,12/26/2022 3:59 pm,1.0,1,2613.75
4066,12/26/2022 5:05 pm,1.0,1,674.15
4067,12/26/2022 7:02 pm,1.0,1,849.15
4068,12/26/2022 8:49 pm,1.0,1,180.0
4069,12/26/2022 8:53 pm,1.0,1,238.0
4070,12/26/2022 10:17 pm,1.0,1,399.0
4071,12/26/2022 10:24 pm,1.0,1,236.0
4072,12/27/2022 2:48 am,1.0,1,1675.35
4073,12/27/2022 1:13 pm,1.0,1,1215.98
4074,12/27/2022 1:34 pm,1.0,1,1624.32
4075,12/27/2022 2:28 pm,1.0,1,3352.26
4076,12/27/2022 2:42 pm,1.0,1,570.0
4077,12/27/2022 3:11 pm,1.0,1,88.0
4078,12/27/2022 3:21 pm,1.0,1,437.48
4079,12/27/2022 3:27 pm,1.0,1,332.8
4080,12/27/2022 3:42 pm,1.0,1,819.85
4081,12/27/2022 5:02 pm,1.0,1,1240.0
4082,12/27/2022 5:41 pm,1.0,1,1104.96
4083,12/27/2022 7:35 pm,1.0,1,317.9
4084,12/27/2022 10:31 pm,1.0,1,2129.39
4085,12/28/2022 12:32 am,1.0,1,1434.83
4086,12/28/2022 10:28 am,1.0,1,518.0
4087,12/28/2022 11:53 am,1.0,1,739.0
4088,12/28/2022 1:24 pm,1.0,1,1828.0
4089,12/28/2022 1:44 pm,1.0,1,2919.75
4090,12/28/2022 2:16 pm,1.0,1,335.75
4091,12/28/2022 2:30 pm,1.0,1,407.15
4092,12/28/2022 3:18 pm,1.0,1,140.0
4093,12/28/2022 5:57 pm,1.0,1,1046.4
4094,12/28/2022 6:05 pm,1.0,1,701.25
4095,12/28/2022 7:18 pm,1.0,1,1137.3
4096,12/29/2022 1:08 am,1.0,1,1735.36
4097,12/29/2022 6:10 am,1.0,1,325.28
4098,12/29/2022 9:51 am,1.0,1,976.65
4099,12/29/2022 11:08 am,1.0,1,1579.3
4100,12/29/2022 1:55 pm,1.0,1,147.85
4101,12/29/2022 2:24 pm,1.0,1,2230.57
4102,12/29/2022 2:26 pm,1.0,1,378.0
4103,12/29/2022 5:22 pm,1.0,1,495.03
4104,12/29/2022 5:42 pm,1.0,1,3520.0
4105,12/29/2022 5:45 pm,1.0,1,212.0
4106,12/29/2022 10:44 pm,1.0,1,479.24
4107,12/29/2022 10:46 pm,1.0,1,1852.32
4108,12/30/2022 8:13 am,1.0,1,599.23
4109,12/30/2022 8:57 am,1.0,1,700.0
4110,12/30/2022 10:56 am,1.0,1,433.44
4111,12/30/2022 12:17 pm,1.0,1,814.3
4112,12/30/2022 12:25 pm,1.0,1,256.0
4113,12/30/2022 2:08 pm,1.0,1,599.23
4114,12/30/2022 4:19 pm,1.0,1,273.63
4115,12/30/2022 4:31 pm,1.0,1,905.7
4116,12/30/2022 7:02 pm,1.0,1,668.8
4117,12/30/2022 8:36 pm,1.0,1,129.0
4118,12/30/2022 9:57 pm,1.0,1,1531.98
4119,12/31/2022 2:10 am,1.0,1,1300.5
4120,12/31/2022 2:40 am,1.0,1,690.84
4121,12/31/2022 10:50 am,1.0,1,790.4
4122,12/31/2022 12:08 pm,1.0,1,891.0
4123,12/31/2022 12:15 pm,1.0,1,299.0
4124,12/31/2022 12:53 pm,1.0,1,170.0
4125,12/31/2022 12:59 pm,1.0,1,84.98
4126,12/31/2022 1:18 pm,1.0,1,169.98
4127,12/31/2022 3:26 pm,1.0,1,367.71
4128,12/31/2022 3:27 pm,1.0,1,1290.3
4129,12/31/2022 3:51 pm,1.0,1,593.3
4130,12/31/2022 4:00 pm,1.0,1,1081.2
4131,12/31/2022 4:20 pm,1.0,1,1002.32
4132,12/31/2022 4:31 pm,1.0,1,356.15
4133,12/31/2022 5:03 pm,1.0,1,913.72
4134,12/31/2022 5:17 pm,1.0,1,470.0
4135,12/31/2022 5:17 pm,1.0,1,277.2
4136,12/31/2022 5:25 pm,1.0,1,915.6
4137,12/31/2022 7:51 pm,1.0,1,265.6
4138,12/31/2022 8:43 pm,1.0,1,1108.0
4139,12/31/2022 8:47 pm,1.0,1,1970.3
4140,1/1/2023 10:36 am,1.0,1,568.26
4141,1/1/2023 12:04 pm,1.0,1,327.25
4142,1/1/2023 1:38 pm,1.0,1,1683.64
4143,1/1/2023 2:21 pm,1.0,1,430.87
4144,1/1/2023 4:24 pm,1.0,1,1507.9
4145,1/1/2023 5:09 pm,1.0,1,2599.0
4146,1/1/2023 6:27 pm,1.0,1,856.0
4147,1/1/2023 9:25 pm,1.0,1,757.14
4148,1/1/2023 10:45 pm,1.0,1,718.25
4149,1/2/2023 8:39 am,2.0,1,780.3
4150,1/2/2023 12:28 pm,2.0,1,634.95
4151,1/2/2023 12:55 pm,2.0,1,305.96
4152,1/2/2023 1:06 pm,2.0,1,882.64
4153,1/2/2023 1:08 pm,2.0,1,439.72
4154,1/2/2023 2:26 pm,2.0,1,1270.0
4155,1/2/2023 2:42 pm,2.0,1,250.31
4156,1/2/2023 3:07 pm,2.0,1,2019.88
4157,1/2/2023 6:33 pm,2.0,1,640.28
4158,1/2/2023 6:46 pm,2.0,1,927.2
4159,1/2/2023 7:14 pm,2.0,1,69.0
4160,1/2/2023 8:09 pm,2.0,1,789.95
4161,1/2/2023 8:32 pm,2.0,1,400.0
4162,1/2/2023 9:12 pm,2.0,1,1762.86
4163,1/2/2023 9:49 pm,2.0,1,789.6
4164,1/3/2023 12:18 am,2.0,1,396.8
4165,1/3/2023 7:52 am,2.0,1,229.5
4166,1/3/2023 10:25 am,2.0,1,303.21
4167,1/3/2023 10:42 am,2.0,1,4451.45
4168,1/3/2023 11:08 am,2.0,1,320.65
4169,1/3/2023 12:47 pm,2.0,1,441.15
4170,1/3/2023 12:51 pm,2.0,1,506.11
4171,1/3/2023 1:16 pm,2.0,1,339.15
4172,1/3/2023 1:29 pm,2.0,1,420.06
4173,1/3/2023 3:18 pm,2.0,1,1126.4
4174,1/3/2023 4:25 pm,2.0,1,796.88
4175,1/3/2023 5:31 pm,2.0,1,294.45
4176,1/3/2023 5:51 pm,2.0,1,185.0
4177,1/3/2023 7:03 pm,2.0,1,351.5
4178,1/3/2023 8:19 pm,2.0,1,320.65
4179,1/4/2023 12:20 am,2.0,1,2320.13
4180,1/4/2023 1:27 pm,2.0,1,305.15
4181,1/4/2023 1:31 pm,2.0,1,1288.0
4182,1/4/2023 2:06 pm,2.0,1,1078.65
4183,1/4/2023 2:24 pm,2.0,1,1416.0
4184,1/4/2023 4:21 pm,2.0,1,97.1
4185,1/4/2023 5:54 pm,2.0,1,485.55
4186,1/4/2023 9:59 pm,2.0,1,1865.6
4187,1/4/2023 11:48 pm,2.0,1,1068.51
4188,1/5/2023 1:21 pm,2.0,1,2400.0
4189,1/5/2023 2:26 pm,2.0,1,198.0
4190,1/5/2023 3:32 pm,2.0,1,1105.0
4191,1/5/2023 3:37 pm,2.0,1,270.4
4192,1/5/2023 3:52 pm,2.0,1,730.0
4193,1/5/2023 10:52 pm,2.0,1,175.44
4194,1/6/2023 8:30 am,2.0,1,670.46
4195,1/6/2023 9:13 am,2.0,1,729.17
4196,1/6/2023 10:47 am,2.0,1,625.9
4197,1/6/2023 12:34 pm,2.0,1,173.85
4198,1/6/2023 12:35 pm,2.0,1,819.4
4199,1/6/2023 2:29 pm,2.0,1,267.64
4200,1/6/2023 2:44 pm,2.0,1,293.61
4201,1/6/2023 3:14 pm,2.0,1,1257.48
4202,1/6/2023 3:18 pm,2.0,1,39.95
4203,1/6/2023 3:41 pm,2.0,1,1663.2
4204,1/6/2023 4:35 pm,2.0,1,956.73
4205,1/6/2023 7:57 pm,2.0,1,466.0
4206,1/6/2023 8:01 pm,2.0,1,716.0
4207,1/6/2023 11:36 pm,2.0,1,405.0
4208,1/7/2023 9:57 am,2.0,1,1140.56
4209,1/7/2023 10:54 am,2.0,1,1928.54
4210,1/7/2023 12:45 pm,2.0,1,453.9
4211,1/7/2023 1:12 pm,2.0,1,328.39
4212,1/7/2023 1:55 pm,2.0,1,1557.73
4213,1/7/2023 2:49 pm,2.0,1,257.92
4214,1/7/2023 4:26 pm,2.0,1,1646.3
4215,1/7/2023 8:17 pm,2.0,1,647.6
4216,1/7/2023 9:34 pm,2.0,1,798.0
4217,1/7/2023 10:03 pm,2.0,1,390.9
4218,1/7/2023 10:59 pm,2.0,1,298.0
4219,1/8/2023 9:31 am,2.0,1,1149.97
4220,1/8/2023 10:17 am,2.0,1,772.7
4221,1/8/2023 10:33 am,2.0,1,152.61
4222,1/8/2023 11:49 am,2.0,1,385.28
4223,1/8/2023 3:00 pm,2.0,1,130.3
4224,1/8/2023 4:25 pm,2.0,1,1915.92
4225,1/8/2023 4:46 pm,2.0,1,1412.81
4226,1/8/2023 4:58 pm,2.0,1,2279.0
4227,1/8/2023 5:03 pm,2.0,1,470.0
4228,1/8/2023 5:21 pm,2.0,1,1152.6
4229,1/8/2023 5:39 pm,2.0,1,295.24
4230,1/8/2023 5:46 pm,2.0,1,94.6
4231,1/8/2023 6:38 pm,2.0,1,154.51
4232,1/8/2023 7:18 pm,2.0,1,401.46
4233,1/8/2023 7:43 pm,2.0,1,339.15
4234,1/8/2023 9:43 pm,2.0,1,592.0
4235,1/8/2023 10:25 pm,2.0,1,614.46
4236,1/9/2023 12:31 am,3.0,1,775.0
4237,1/9/2023 7:44 am,3.0,1,335.75
4238,1/9/2023 9:39 am,3.0,1,260.0
4239,1/9/2023 11:45 am,3.0,1,510.0
4240,1/9/2023 1:29 pm,3.0,1,268.31
4241,1/9/2023 1:45 pm,3.0,1,658.0
4242,1/9/2023 3:01 pm,3.0,1,1963.29
4243,1/9/2023 3:32 pm,3.0,1,1761.2
4244,1/9/2023 4:58 pm,3.0,1,1258.2
4245,1/9/2023 5:40 pm,3.0,1,241.4
4246,1/9/2023 6:16 pm,3.0,1,409.06
4247,1/9/2023 6:16 pm,3.0,1,1690.65
4248,1/9/2023 7:43 pm,3.0,1,2065.5
4249,1/9/2023 7:54 pm,3.0,1,463.6
4250,1/9/2023 8:04 pm,3.0,1,2678.15
4251,1/9/2023 8:13 pm,3.0,1,802.5
4252,1/9/2023 8:16 pm,3.0,1,1028.5
4253,1/9/2023 9:39 pm,3.0,1,1425.6
4254,1/9/2023 9:46 pm,3.0,1,203.15
4255,1/9/2023 10:06 pm,3.0,1,858.48
4256,1/9/2023 11:02 pm,3.0,1,193.13
4257,1/10/2023 1:03 am,3.0,1,132.71
4258,1/10/2023 7:19 am,3.0,1,826.96
4259,1/10/2023 7:22 am,3.0,1,807.84
4260,1/10/2023 8:13 am,3.0,1,5504.0
4261,1/10/2023 9:01 am,3.0,1,327.25
4262,1/10/2023 10:54 am,3.0,1,494.7
4263,1/10/2023 11:23 am,3.0,1,1158.0
4264,1/10/2023 11:46 am,3.0,1,1799.5
4265,1/10/2023 12:39 pm,3.0,1,463.6
4266,1/10/2023 12:46 pm,3.0,1,1699.15
4267,1/10/2023 12:53 pm,3.0,1,105.06
4268,1/10/2023 1:35 pm,3.0,1,1210.0
4269,1/10/2023 3:38 pm,3.0,1,328.5
4270,1/10/2023 3:51 pm,3.0,1,586.42
4271,1/10/2023 4:06 pm,3.0,1,508.96
4272,1/10/2023 5:35 pm,3.0,1,132.09
4273,1/10/2023 8:47 pm,3.0,1,229.46
4274,1/10/2023 9:11 pm,3.0,1,1600.0
4275,1/10/2023 9:17 pm,3.0,1,474.0
4276,1/10/2023 11:27 pm,3.0,1,2114.25
4277,1/11/2023 7:50 am,3.0,1,573.75
4278,1/11/2023 9:05 am,3.0,1,310.59
4279,1/11/2023 10:55 am,3.0,1,1274.15
4280,1/11/2023 12:31 pm,3.0,1,1871.53
4281,1/11/2023 12:43 pm,3.0,1,654.5
4282,1/11/2023 1:30 pm,3.0,1,423.87
4283,1/11/2023 2:21 pm,3.0,1,250.75
4284,1/11/2023 2:53 pm,3.0,1,4301.0
4285,1/11/2023 4:57 pm,3.0,1,1011.5
4286,1/11/2023 5:40 pm,3.0,1,1060.8
4287,1/11/2023 5:41 pm,3.0,1,1301.52
4288,1/11/2023 6:15 pm,3.0,1,0.0
4289,1/11/2023 6:40 pm,3.0,1,428.4
4290,1/11/2023 7:56 pm,3.0,1,1375.3
4291,1/11/2023 9:59 pm,3.0,1,1075.0
4292,1/12/2023 1:36 am,3.0,1,752.25
4293,1/12/2023 1:39 am,3.0,1,335.75
4294,1/12/2023 9:39 am,3.0,1,1525.75
4295,1/12/2023 10:21 am,3.0,1,1969.0
4296,1/12/2023 10:53 am,3.0,1,761.04
4297,1/12/2023 12:35 pm,3.0,1,595.0
4298,1/12/2023 12:36 pm,3.0,1,504.9
4299,1/12/2023 1:18 pm,3.0,1,656.78
4300,1/12/2023 1:50 pm,3.0,1,201.96
4301,1/12/2023 2:18 pm,3.0,1,1093.0
4302,1/12/2023 3:16 pm,3.0,1,308.0
4303,1/12/2023 3:17 pm,3.0,1,228.28
4304,1/12/2023 3:33 pm,3.0,1,965.79
4305,1/12/2023 5:36 pm,3.0,1,698.49
4306,1/12/2023 6:08 pm,3.0,1,143.65
4307,1/12/2023 6:13 pm,3.0,1,172.55
4308,1/12/2023 6:14 pm,3.0,1,1427.88
4309,1/12/2023 8:21 pm,3.0,1,198.0
4310,1/12/2023 9:18 pm,3.0,1,1301.52
4311,1/12/2023 9:48 pm,3.0,1,398.0
4312,1/12/2023 10:32 pm,3.0,1,299.0
4313,1/12/2023 11:37 pm,3.0,1,559.3
4314,1/13/2023 9:44 am,3.0,1,291.2
4315,1/13/2023 12:17 pm,3.0,1,761.98
4316,1/13/2023 3:45 pm,3.0,1,818.08
4317,1/13/2023 4:56 pm,3.0,1,453.08
4318,1/13/2023 5:07 pm,3.0,1,319.9
4319,1/13/2023 7:15 pm,3.0,1,800.0
4320,1/14/2023 2:26 am,3.0,1,2693.03
4321,1/14/2023 5:11 am,3.0,1,748.0
4322,1/14/2023 8:34 am,3.0,1,475.2
4323,1/14/2023 9:13 am,3.0,1,99.0
4324,1/14/2023 10:22 am,3.0,1,606.05
4325,1/14/2023 11:06 am,3.0,1,612.0
4326,1/14/2023 1:28 pm,3.0,1,3575.95
4327,1/14/2023 3:25 pm,3.0,1,1274.15
4328,1/14/2023 3:39 pm,3.0,1,866.76
4329,1/14/2023 4:15 pm,3.0,1,594.15
4330,1/14/2023 5:04 pm,3.0,1,484.46
4331,1/14/2023 5:19 pm,3.0,1,1462.0
4332,1/14/2023 5:53 pm,3.0,1,731.0
4333,1/14/2023 7:42 pm,3.0,1,1327.87
4334,1/14/2023 7:46 pm,3.0,1,254.96
4335,1/14/2023 7:53 pm,3.0,1,509.92
4336,1/14/2023 8:12 pm,3.0,1,989.93
4337,1/14/2023 8:18 pm,3.0,1,539.0
4338,1/14/2023 10:01 pm,3.0,1,201.96
4339,1/14/2023 10:45 pm,3.0,1,264.18
4340,1/14/2023 11:31 pm,3.0,1,875.0
4341,1/15/2023 8:36 am,3.0,1,98.17
4342,1/15/2023 9:58 am,3.0,1,421.6
4343,1/15/2023 10:16 am,3.0,1,599.25
4344,1/15/2023 11:49 am,3.0,1,2622.4
4345,1/15/2023 1:47 pm,3.0,1,763.3
4346,1/15/2023 2:07 pm,3.0,1,2888.3
4347,1/15/2023 2:36 pm,3.0,1,1290.3
4348,1/15/2023 2:52 pm,3.0,1,399.5
4349,1/15/2023 3:27 pm,3.0,1,687.65
4350,1/15/2023 5:00 pm,3.0,1,838.0
4351,1/15/2023 5:16 pm,3.0,1,1301.52
4352,1/15/2023 6:06 pm,3.0,1,228.48
4353,1/15/2023 6:37 pm,3.0,1,938.4
4354,1/15/2023 7:33 pm,3.0,1,188.0
4355,1/15/2023 9:00 pm,3.0,1,573.76
4356,1/15/2023 10:03 pm,3.0,1,926.5
4357,1/15/2023 11:37 pm,3.0,1,99.0
4358,1/16/2023 2:12 am,4.0,1,2645.2
4359,1/16/2023 10:04 am,4.0,1,209.06
4360,1/16/2023 10:13 am,4.0,1,3226.71
4361,1/16/2023 12:23 pm,4.0,1,221.0
4362,1/16/2023 1:07 pm,4.0,1,492.15
4363,1/16/2023 1:25 pm,4.0,1,267.68
4364,1/16/2023 2:01 pm,4.0,1,558.45
4365,1/16/2023 2:10 pm,4.0,1,714.0
4366,1/16/2023 2:18 pm,4.0,1,389.3
4367,1/16/2023 3:03 pm,4.0,1,963.9
4368,1/16/2023 4:30 pm,4.0,1,576.3
4369,1/16/2023 5:36 pm,4.0,1,1137.3
4370,1/16/2023 10:31 pm,4.0,1,1398.47
4371,1/17/2023 9:13 am,4.0,1,1273.3
4372,1/17/2023 9:30 am,4.0,1,279.65
4373,1/17/2023 9:31 am,4.0,1,991.1
4374,1/17/2023 10:02 am,4.0,1,509.15
4375,1/17/2023 10:09 am,4.0,1,2541.5
4376,1/17/2023 10:31 am,4.0,1,349.0
4377,1/17/2023 10:45 am,4.0,1,756.0
4378,1/17/2023 12:27 pm,4.0,1,1020.0
4379,1/17/2023 12:50 pm,4.0,1,824.5
4380,1/17/2023 1:00 pm,4.0,1,579.0
4381,1/17/2023 1:12 pm,4.0,1,656.0
4382,1/17/2023 1:25 pm,4.0,1,635.21
4383,1/17/2023 1:27 pm,4.0,1,249.88
4384,1/17/2023 1:35 pm,4.0,1,685.0
4385,1/17/2023 1:42 pm,4.0,1,291.09
4386,1/17/2023 1:42 pm,4.0,1,295.0
4387,1/17/2023 2:23 pm,4.0,1,261.98
4388,1/17/2023 2:47 pm,4.0,1,349.0
4389,1/17/2023 5:05 pm,4.0,1,1275.0
4390,1/17/2023 5:50 pm,4.0,1,655.02
4391,1/17/2023 6:15 pm,4.0,1,758.98
4392,1/17/2023 6:47 pm,4.0,1,718.25
4393,1/17/2023 9:44 pm,4.0,1,1560.6
4394,1/17/2023 10:05 pm,4.0,1,370.0
4395,1/17/2023 10:38 pm,4.0,1,884.0
4396,1/17/2023 10:46 pm,4.0,1,566.01
4397,1/17/2023 10:47 pm,4.0,1,760.24
4398,1/18/2023 12:00 am,4.0,1,602.8
4399,1/18/2023 12:08 am,4.0,1,380.98
4400,1/18/2023 12:21 am,4.0,1,1118.4
4401,1/18/2023 6:33 am,4.0,1,888.23
4402,1/18/2023 8:16 am,4.0,1,2209.15
4403,1/18/2023 8:58 am,4.0,1,4601.33
4404,1/18/2023 9:51 am,4.0,1,349.05
4405,1/18/2023 10:02 am,4.0,1,1036.0
4406,1/18/2023 11:09 am,4.0,1,2029.9
4407,1/18/2023 12:01 pm,4.0,1,270.56
4408,1/18/2023 12:46 pm,4.0,1,290.84
4409,1/18/2023 12:47 pm,4.0,1,1255.45
4410,1/18/2023 1:01 pm,4.0,1,1660.9
4411,1/18/2023 1:13 pm,4.0,1,1020.0
4412,1/18/2023 1:37 pm,4.0,1,327.25
4413,1/18/2023 2:39 pm,4.0,1,1280.61
4414,1/18/2023 2:40 pm,4.0,1,368.54
4415,1/18/2023 2:41 pm,4.0,1,1993.25
4416,1/18/2023 3:14 pm,4.0,1,508.3
4417,1/18/2023 4:58 pm,4.0,1,433.5
4418,1/18/2023 6:04 pm,4.0,1,974.95
4419,1/18/2023 8:11 pm,4.0,1,7711.2
4420,1/18/2023 8:12 pm,4.0,1,229.95
4421,1/18/2023 8:18 pm,4.0,1,323.0
4422,1/18/2023 8:52 pm,4.0,1,432.65
4423,1/18/2023 9:36 pm,4.0,1,521.82
4424,1/19/2023 9:07 am,4.0,1,2063.8
4425,1/19/2023 9:21 am,4.0,1,628.15
4426,1/19/2023 9:36 am,4.0,1,2333.25
4427,1/19/2023 9:41 am,4.0,1,2815.2
4428,1/19/2023 9:54 am,4.0,1,150.0
4429,1/19/2023 11:23 am,4.0,1,293.19
4430,1/19/2023 11:40 am,4.0,1,438.6
4431,1/19/2023 1:00 pm,4.0,1,168.16
4432,1/19/2023 1:00 pm,4.0,1,308.86
4433,1/19/2023 1:19 pm,4.0,1,335.75
4434,1/19/2023 1:24 pm,4.0,1,1411.2
4435,1/19/2023 2:40 pm,4.0,1,703.8
4436,1/19/2023 4:47 pm,4.0,1,370.6
4437,1/19/2023 6:00 pm,4.0,1,298.0
4438,1/19/2023 6:14 pm,4.0,1,118.0
4439,1/19/2023 7:50 pm,4.0,1,2512.6
4440,1/19/2023 9:20 pm,4.0,1,548.6
4441,1/19/2023 9:33 pm,4.0,1,312.49
4442,1/19/2023 11:08 pm,4.0,1,734.06
4443,1/20/2023 1:11 am,4.0,1,289.0
4444,1/20/2023 8:08 am,4.0,1,413.39
4445,1/20/2023 9:17 am,4.0,1,1047.2
4446,1/20/2023 9:34 am,4.0,1,652.05
4447,1/20/2023 12:36 pm,4.0,1,789.65
4448,1/20/2023 12:49 pm,4.0,1,916.3
4449,1/20/2023 1:41 pm,4.0,1,262.65
4450,1/20/2023 1:41 pm,4.0,1,1357.45
4451,1/20/2023 1:42 pm,4.0,1,501.5
4452,1/20/2023 2:15 pm,4.0,1,262.7
4453,1/20/2023 2:20 pm,4.0,1,573.75
4454,1/20/2023 4:05 pm,4.0,1,408.0
4455,1/20/2023 4:09 pm,4.0,1,3081.76
4456,1/20/2023 4:27 pm,4.0,1,598.0
4457,1/20/2023 5:41 pm,4.0,1,630.0
4458,1/20/2023 7:50 pm,4.0,1,2472.23
4459,1/20/2023 9:25 pm,4.0,1,646.0
4460,1/20/2023 9:59 pm,4.0,1,637.5
4461,1/20/2023 10:11 pm,4.0,1,539.9
4462,1/21/2023 8:24 am,4.0,1,627.3
4463,1/21/2023 10:44 am,4.0,1,335.75
4464,1/21/2023 11:21 am,4.0,1,807.09
4465,1/21/2023 11:49 am,4.0,1,200.6
4466,1/21/2023 2:09 pm,4.0,1,398.65
4467,1/21/2023 3:17 pm,4.0,1,789.65
4468,1/21/2023 3:29 pm,4.0,1,1226.72
4469,1/21/2023 5:53 pm,4.0,1,230.3
4470,1/21/2023 9:21 pm,4.0,1,1569.78
4471,1/21/2023 10:48 pm,4.0,1,1049.0
4472,1/22/2023 10:48 am,4.0,1,26.95
4473,1/22/2023 1:35 pm,4.0,1,1163.65
4474,1/22/2023 5:00 pm,4.0,1,1226.72
4475,1/22/2023 5:19 pm,4.0,1,882.3
4476,1/22/2023 5:29 pm,4.0,1,590.92
4477,1/22/2023 5:29 pm,4.0,1,142.94
4478,1/22/2023 6:45 pm,4.0,1,92.65
4479,1/22/2023 8:00 pm,4.0,1,356.15
4480,1/22/2023 8:36 pm,4.0,1,133.82
4481,1/22/2023 8:53 pm,4.0,1,1183.2
4482,1/22/2023 9:10 pm,4.0,1,544.0
4483,1/22/2023 10:08 pm,4.0,1,1831.75
4484,1/22/2023 10:16 pm,4.0,1,2184.16
4485,1/23/2023 12:12 am,5.0,1,815.76
4486,1/23/2023 8:51 am,5.0,1,483.65
4487,1/23/2023 9:17 am,5.0,1,417.26
4488,1/23/2023 9:32 am,5.0,1,1172.68
4489,1/23/2023 10:25 am,5.0,1,898.2
4490,1/23/2023 10:37 am,5.0,1,288.32
4491,1/23/2023 10:49 am,5.0,1,429.52
4492,1/23/2023 11:00 am,5.0,1,408.91
4493,1/23/2023 11:42 am,5.0,1,467.46
4494,1/23/2023 12:26 pm,5.0,1,203.15
4495,1/23/2023 1:32 pm,5.0,1,3398.3
4496,1/23/2023 2:31 pm,5.0,1,2652.0
4497,1/23/2023 3:39 pm,5.0,1,736.34
4498,1/23/2023 3:48 pm,5.0,1,76.8
4499,1/23/2023 3:55 pm,5.0,1,442.0
4500,1/23/2023 5:15 pm,5.0,1,384.0
4501,1/23/2023 5:41 pm,5.0,1,505.75
4502,1/23/2023 8:05 pm,5.0,1,2553.15
4503,1/23/2023 10:07 pm,5.0,1,682.0
4504,1/23/2023 10:17 pm,5.0,1,450.51
4505,1/23/2023 10:59 pm,5.0,1,412.25
4506,1/23/2023 11:13 pm,5.0,1,147.85
4507,1/23/2023 11:34 pm,5.0,1,277.95
4508,1/23/2023 11:52 pm,5.0,1,1188.3
4509,1/24/2023 12:30 am,5.0,1,1275.0
4510,1/24/2023 6:31 am,5.0,1,263.56
4511,1/24/2023 10:39 am,5.0,1,1396.0
4512,1/24/2023 11:03 am,5.0,1,3316.0
4513,1/24/2023 11:05 am,5.0,1,989.4
4514,1/24/2023 11:28 am,5.0,1,289.41
4515,1/24/2023 11:49 am,5.0,1,2614.6
4516,1/24/2023 11:55 am,5.0,1,318.0
4517,1/24/2023 12:10 pm,5.0,1,1563.3
4518,1/24/2023 12:16 pm,5.0,1,767.14
4519,1/24/2023 1:30 pm,5.0,1,579.54
4520,1/24/2023 1:58 pm,5.0,1,542.3
4521,1/24/2023 2:35 pm,5.0,1,794.75
4522,1/24/2023 3:36 pm,5.0,1,4215.15
4523,1/24/2023 4:01 pm,5.0,1,441.15
4524,1/24/2023 4:27 pm,5.0,1,579.7
4525,1/24/2023 4:44 pm,5.0,1,453.9
4526,1/24/2023 5:12 pm,5.0,1,591.6
4527,1/24/2023 5:33 pm,5.0,1,181.78
4528,1/24/2023 5:34 pm,5.0,1,402.26
4529,1/24/2023 6:27 pm,5.0,1,134.0
4530,1/24/2023 6:29 pm,5.0,1,1137.98
4531,1/24/2023 6:51 pm,5.0,1,441.15
4532,1/24/2023 7:19 pm,5.0,1,287.3
4533,1/24/2023 9:12 pm,5.0,1,1804.0
4534,1/24/2023 10:26 pm,5.0,1,160.0
4535,1/24/2023 10:36 pm,5.0,1,552.22
4536,1/24/2023 10:49 pm,5.0,1,513.84
4537,1/24/2023 11:08 pm,5.0,1,257.04
4538,1/24/2023 11:28 pm,5.0,1,444.98
4539,1/25/2023 12:31 am,5.0,1,305.96
4540,1/25/2023 10:25 am,5.0,1,1158.0
4541,1/25/2023 11:05 am,5.0,1,438.0
4542,1/25/2023 11:45 am,5.0,1,733.77
4543,1/25/2023 11:51 am,5.0,1,1980.0
4544,1/25/2023 1:44 pm,5.0,1,1190.4
4545,1/25/2023 2:04 pm,5.0,1,1377.0
4546,1/25/2023 2:30 pm,5.0,1,447.1
4547,1/25/2023 2:31 pm,5.0,1,170.9
4548,1/25/2023 2:34 pm,5.0,1,858.5
4549,1/25/2023 2:39 pm,5.0,1,1525.92
4550,1/25/2023 2:50 pm,5.0,1,443.55
4551,1/25/2023 3:12 pm,5.0,1,892.5
4552,1/25/2023 3:18 pm,5.0,1,1731.45
4553,1/25/2023 3:44 pm,5.0,1,138.0
4554,1/25/2023 4:23 pm,5.0,1,386.34
4555,1/25/2023 5:03 pm,5.0,1,484.46
4556,1/25/2023 6:25 pm,5.0,1,443.5
4557,1/25/2023 7:29 pm,5.0,1,555.86
4558,1/25/2023 7:29 pm,5.0,1,344.25
4559,1/25/2023 8:02 pm,5.0,1,178.0
4560,1/25/2023 8:13 pm,5.0,1,357.0
4561,1/25/2023 9:38 pm,5.0,1,888.23
4562,1/25/2023 10:49 pm,5.0,1,274.3
4563,1/26/2023 9:07 am,5.0,1,1040.79
4564,1/26/2023 10:51 am,5.0,1,2649.45
4565,1/26/2023 12:00 pm,5.0,1,1720.4
4566,1/26/2023 1:25 pm,5.0,1,3414.0
4567,1/26/2023 1:30 pm,5.0,1,1525.92
4568,1/26/2023 2:37 pm,5.0,1,675.75
4569,1/26/2023 3:19 pm,5.0,1,299.0
4570,1/26/2023 3:58 pm,5.0,1,463.6
4571,1/26/2023 5:07 pm,5.0,1,816.0
4572,1/26/2023 5:30 pm,5.0,1,1376.15
4573,1/26/2023 5:45 pm,5.0,1,535.28
4574,1/26/2023 6:05 pm,5.0,1,471.31
4575,1/26/2023 6:35 pm,5.0,1,230.3
4576,1/26/2023 7:29 pm,5.0,1,702.0
4577,1/26/2023 7:34 pm,5.0,1,236.77
4578,1/26/2023 8:33 pm,5.0,1,2896.0
4579,1/26/2023 8:49 pm,5.0,1,348.0
4580,1/26/2023 10:04 pm,5.0,1,1043.85
4581,1/26/2023 10:35 pm,5.0,1,369.98
4582,1/26/2023 10:46 pm,5.0,1,359.9
4583,1/27/2023 12:59 am,5.0,1,1331.95
4584,1/27/2023 9:52 am,5.0,1,849.15
4585,1/27/2023 10:32 am,5.0,1,1037.0
4586,1/27/2023 10:48 am,5.0,1,594.92
4587,1/27/2023 12:31 pm,5.0,1,1761.2
4588,1/27/2023 1:26 pm,5.0,1,2954.6
4589,1/27/2023 1:31 pm,5.0,1,2376.6
4590,1/27/2023 2:05 pm,5.0,1,306.6
4591,1/27/2023 2:15 pm,5.0,1,304.3
4592,1/27/2023 2:27 pm,5.0,1,88.0
4593,1/27/2023 2:42 pm,5.0,1,1274.15
4594,1/27/2023 3:18 pm,5.0,1,3289.44
4595,1/27/2023 3:35 pm,5.0,1,525.44
4596,1/27/2023 3:58 pm,5.0,1,302.6
4597,1/27/2023 4:31 pm,5.0,1,797.3
4598,1/27/2023 5:21 pm,5.0,1,5030.4
4599,1/27/2023 5:24 pm,5.0,1,386.62
4600,1/27/2023 7:15 pm,5.0,1,665.72
4601,1/27/2023 7:47 pm,5.0,1,882.3
4602,1/27/2023 9:37 pm,5.0,1,483.65
4603,1/27/2023 10:11 pm,5.0,1,594.15
4604,1/27/2023 10:29 pm,5.0,1,3862.74
4605,1/27/2023 11:25 pm,5.0,1,349.2
4606,1/28/2023 12:33 am,5.0,1,164.64
4607,1/28/2023 10:43 am,5.0,1,171.36
4608,1/28/2023 12:34 pm,5.0,1,1017.45
4609,1/28/2023 3:38 pm,5.0,1,505.75
4610,1/28/2023 5:47 pm,5.0,1,1307.3
4611,1/28/2023 6:44 pm,5.0,1,336.0
4612,1/28/2023 6:46 pm,5.0,1,322.15
4613,1/28/2023 7:01 pm,5.0,1,463.31
4614,1/28/2023 8:39 pm,5.0,1,379.0
4615,1/28/2023 9:39 pm,5.0,1,459.77
4616,1/28/2023 9:47 pm,5.0,1,248.3
4617,1/28/2023 10:23 pm,5.0,1,1711.84
4618,1/28/2023 11:02 pm,5.0,1,879.98
4619,1/28/2023 11:34 pm,5.0,1,591.6
4620,1/29/2023 10:28 am,5.0,1,633.6
4621,1/29/2023 10:32 am,5.0,1,1236.75
4622,1/29/2023 10:37 am,5.0,1,441.15
4623,1/29/2023 10:45 am,5.0,1,3168.8
4624,1/29/2023 1:45 pm,5.0,1,179.95
4625,1/29/2023 2:35 pm,5.0,1,22.0
4626,1/29/2023 3:19 pm,5.0,1,226.1
4627,1/29/2023 3:23 pm,5.0,1,1191.5
4628,1/29/2023 3:42 pm,5.0,1,327.25
4629,1/29/2023 4:25 pm,5.0,1,491.5
4630,1/29/2023 4:43 pm,5.0,1,1508.76
4631,1/29/2023 6:13 pm,5.0,1,980.0
4632,1/29/2023 6:19 pm,5.0,1,1678.75
4633,1/29/2023 6:39 pm,5.0,1,255.0
4634,1/29/2023 7:13 pm,5.0,1,26.95
4635,1/29/2023 9:08 pm,5.0,1,363.6
4636,1/29/2023 9:41 pm,5.0,1,339.98
4637,1/29/2023 9:53 pm,5.0,1,180.2
4638,1/29/2023 10:47 pm,5.0,1,250.75
4639,1/29/2023 11:59 pm,5.0,1,2998.0
4640,1/30/2023 9:45 am,6.0,1,372.3
4641,1/30/2023 12:07 pm,6.0,1,627.3
4642,1/30/2023 12:36 pm,6.0,1,408.0
4643,1/30/2023 12:51 pm,6.0,1,622.2
4644,1/30/2023 2:29 pm,6.0,1,1440.0
4645,1/30/2023 2:58 pm,6.0,1,2453.44
4646,1/30/2023 3:13 pm,6.0,1,1273.3
4647,1/30/2023 3:28 pm,6.0,1,386.34
4648,1/30/2023 3:30 pm,6.0,1,552.5
4649,1/30/2023 3:35 pm,6.0,1,939.95
4650,1/30/2023 3:46 pm,6.0,1,941.31
4651,1/30/2023 3:53 pm,6.0,1,112.0
4652,1/30/2023 3:56 pm,6.0,1,615.18
4653,1/30/2023 4:00 pm,6.0,1,1388.8
4654,1/30/2023 4:06 pm,6.0,1,144.83
4655,1/30/2023 4:27 pm,6.0,1,521.56
4656,1/30/2023 4:50 pm,6.0,1,144.5
4657,1/30/2023 4:56 pm,6.0,1,542.3
4658,1/30/2023 5:29 pm,6.0,1,399.5
4659,1/30/2023 7:59 pm,6.0,1,952.0
4660,1/30/2023 8:51 pm,6.0,1,671.46
4661,1/30/2023 8:56 pm,6.0,1,1054.77
4662,1/30/2023 9:54 pm,6.0,1,192.1
4663,1/30/2023 10:23 pm,6.0,1,987.97
4664,1/30/2023 11:30 pm,6.0,1,416.46
4665,1/30/2023 11:48 pm,6.0,1,1290.3
4666,1/30/2023 11:50 pm,6.0,1,356.0
4667,1/31/2023 12:46 am,6.0,1,128.0
4668,1/31/2023 5:12 am,6.0,1,1038.4
4669,1/31/2023 6:30 am,6.0,1,2209.15
4670,1/31/2023 7:04 am,6.0,1,287.2
4671,1/31/2023 10:14 am,6.0,1,577.0
4672,1/31/2023 10:26 am,6.0,1,748.78
4673,1/31/2023 11:03 am,6.0,1,1054.76
4674,1/31/2023 2:02 pm,6.0,1,489.3
4675,1/31/2023 2:03 pm,6.0,1,338.3
4676,1/31/2023 3:05 pm,6.0,1,93.5
4677,1/31/2023 3:11 pm,6.0,1,1658.0
4678,1/31/2023 3:20 pm,6.0,1,3316.0
4679,1/31/2023 5:19 pm,6.0,1,772.0
4680,1/31/2023 5:39 pm,6.0,1,824.5
4681,1/31/2023 6:39 pm,6.0,1,1521.5
4682,1/31/2023 8:22 pm,6.0,1,482.8
4683,1/31/2023 8:31 pm,6.0,1,232.05
4684,1/31/2023 10:41 pm,6.0,1,678.3
4685,2/1/2023 12:36 am,6.0,1,361.6
4686,2/1/2023 6:45 am,6.0,1,1840.88
4687,2/1/2023 7:55 am,6.0,1,501.5
4688,2/1/2023 8:31 am,6.0,1,3612.0
4689,2/1/2023 11:45 am,6.0,1,295.7
4690,2/1/2023 12:10 pm,6.0,1,594.15
4691,2/1/2023 1:00 pm,6.0,1,436.0
4692,2/1/2023 1:14 pm,6.0,1,305.96
4693,2/1/2023 1:19 pm,6.0,1,129.12
4694,2/1/2023 2:05 pm,6.0,1,1500.0
4695,2/1/2023 2:16 pm,6.0,1,544.0
4696,2/1/2023 2:37 pm,6.0,1,840.0
4697,2/1/2023 2:39 pm,6.0,1,246.37
4698,2/1/2023 3:29 pm,6.0,1,505.75
4699,2/1/2023 3:38 pm,6.0,1,759.0
4700,2/1/2023 5:09 pm,6.0,1,466.65
4701,2/1/2023 6:06 pm,6.0,1,103.39
4702,2/1/2023 7:25 pm,6.0,1,298.0
4703,2/1/2023 8:23 pm,6.0,1,469.51
4704,2/1/2023 10:18 pm,6.0,1,407.15
4705,2/1/2023 10:49 pm,6.0,1,521.56
4706,2/1/2023 11:26 pm,6.0,1,415.65
4707,2/2/2023 12:48 am,6.0,1,354.52
4708,2/2/2023 12:56 am,6.0,1,309.4
4709,2/2/2023 1:10 am,6.0,1,337.45
4710,2/2/2023 4:10 am,6.0,1,1231.65
4711,2/2/2023 6:19 am,6.0,1,1093.1
4712,2/2/2023 10:15 am,6.0,1,45.98
4713,2/2/2023 10:40 am,6.0,1,882.3
4714,2/2/2023 11:54 am,6.0,1,1700.0
4715,2/2/2023 12:25 pm,6.0,1,862.2
4716,2/2/2023 1:11 pm,6.0,1,335.75
4717,2/2/2023 1:39 pm,6.0,1,491.42
4718,2/2/2023 2:40 pm,6.0,1,834.14
4719,2/2/2023 3:27 pm,6.0,1,484.46
4720,2/2/2023 3:58 pm,6.0,1,546.0
4721,2/2/2023 4:30 pm,6.0,1,399.5
4722,2/2/2023 5:34 pm,6.0,1,637.5
4723,2/2/2023 5:35 pm,6.0,1,196.42
4724,2/2/2023 6:05 pm,6.0,1,260.21
4725,2/2/2023 6:10 pm,6.0,1,443.55
4726,2/2/2023 7:06 pm,6.0,1,261.8
4727,2/2/2023 9:06 pm,6.0,1,334.0
4728,2/2/2023 9:33 pm,6.0,1,950.4
4729,2/2/2023 9:34 pm,6.0,1,45.98
4730,2/2/2023 10:14 pm,6.0,1,515.0
4731,2/2/2023 10:41 pm,6.0,1,505.75
4732,2/2/2023 11:01 pm,6.0,1,2720.0
4733,2/3/2023 8:05 am,6.0,1,772.91
4734,2/3/2023 9:32 am,6.0,1,479.0
4735,2/3/2023 10:53 am,6.0,1,2769.2
4736,2/3/2023 11:30 am,6.0,1,408.0
4737,2/3/2023 12:05 pm,6.0,1,290.12
4738,2/3/2023 12:25 pm,6.0,1,1068.45
4739,2/3/2023 1:08 pm,6.0,1,280.56
4740,2/3/2023 1:41 pm,6.0,1,1044.65
4741,2/3/2023 2:14 pm,6.0,1,122.0
4742,2/3/2023 2:38 pm,6.0,1,2339.2
4743,2/3/2023 3:34 pm,6.0,1,304.74
4744,2/3/2023 3:34 pm,6.0,1,900.15
4745,2/3/2023 3:57 pm,6.0,1,2224.41
4746,2/3/2023 4:16 pm,6.0,1,785.4
4747,2/3/2023 5:05 pm,6.0,1,675.75
4748,2/3/2023 5:23 pm,6.0,1,1730.56
4749,2/3/2023 5:25 pm,6.0,1,451.99
4750,2/3/2023 7:05 pm,6.0,1,1885.3
4751,2/3/2023 7:06 pm,6.0,1,741.86
4752,2/3/2023 9:37 pm,6.0,1,656.78
4753,2/3/2023 10:41 pm,6.0,1,717.36
4754,2/4/2023 7:47 am,6.0,1,798.54
4755,2/4/2023 8:59 am,6.0,1,440.4
4756,2/4/2023 9:22 am,6.0,1,335.75
4757,2/4/2023 9:43 am,6.0,1,128.52
4758,2/4/2023 9:52 am,6.0,1,287.3
4759,2/4/2023 9:54 am,6.0,1,315.19
4760,2/4/2023 10:17 am,6.0,1,340.0
4761,2/4/2023 10:45 am,6.0,1,1526.88
4762,2/4/2023 1:42 pm,6.0,1,1743.7
4763,2/4/2023 1:50 pm,6.0,1,392.0
4764,2/4/2023 1:56 pm,6.0,1,1130.5
4765,2/4/2023 2:46 pm,6.0,1,1649.0
4766,2/4/2023 3:27 pm,6.0,1,347.88
4767,2/4/2023 3:46 pm,6.0,1,93.5
4768,2/4/2023 4:37 pm,6.0,1,790.34
4769,2/4/2023 5:18 pm,6.0,1,822.94
4770,2/4/2023 5:23 pm,6.0,1,463.6
4771,2/4/2023 6:06 pm,6.0,1,231.08
4772,2/4/2023 6:15 pm,6.0,1,231.78
4773,2/4/2023 7:54 pm,6.0,1,738.0
4774,2/4/2023 8:10 pm,6.0,1,792.88
4775,2/4/2023 8:21 pm,6.0,1,336.58
4776,2/4/2023 8:22 pm,6.0,1,1063.04
4777,2/4/2023 9:20 pm,6.0,1,405.6
4778,2/4/2023 9:48 pm,6.0,1,301.34
4779,2/4/2023 9:51 pm,6.0,1,807.5
4780,2/4/2023 10:03 pm,6.0,1,645.65
4781,2/5/2023 1:00 am,6.0,1,169.98
4782,2/5/2023 8:25 am,6.0,1,723.77
4783,2/5/2023 9:19 am,6.0,1,201.75
4784,2/5/2023 10:03 am,6.0,1,675.75
4785,2/5/2023 10:35 am,6.0,1,561.0
4786,2/5/2023 11:14 am,6.0,1,1375.0
4787,2/5/2023 12:03 pm,6.0,1,1037.0
4788,2/5/2023 12:14 pm,6.0,1,851.2
4789,2/5/2023 12:15 pm,6.0,1,1478.0
4790,2/5/2023 2:02 pm,6.0,1,985.94
4791,2/5/2023 3:11 pm,6.0,1,1424.6
4792,2/5/2023 3:22 pm,6.0,1,304.52
4793,2/5/2023 3:23 pm,6.0,1,765.0
4794,2/5/2023 3:27 pm,6.0,1,1367.65
4795,2/5/2023 3:47 pm,6.0,1,1138.15
4796,2/5/2023 3:54 pm,6.0,1,517.7
4797,2/5/2023 4:29 pm,6.0,1,576.4
4798,2/5/2023 4:38 pm,6.0,1,474.3
4799,2/5/2023 4:44 pm,6.0,1,1997.5
4800,2/5/2023 5:06 pm,6.0,1,546.0
4801,2/5/2023 5:28 pm,6.0,1,1257.84
4802,2/5/2023 6:36 pm,6.0,1,395.43
4803,2/5/2023 6:54 pm,6.0,1,738.0
4804,2/5/2023 7:06 pm,6.0,1,187.0
4805,2/5/2023 8:00 pm,6.0,1,381.65
4806,2/5/2023 8:12 pm,6.0,1,386.34
4807,2/5/2023 8:23 pm,6.0,1,1063.03
4808,2/5/2023 8:32 pm,6.0,1,1344.0
4809,2/5/2023 8:37 pm,6.0,1,1033.6
4810,2/5/2023 10:35 pm,6.0,1,2028.1
4811,2/5/2023 11:49 pm,6.0,1,216.0
4812,2/6/2023 12:23 am,7.0,1,820.34
4813,2/6/2023 7:23 am,7.0,1,676.0
4814,2/6/2023 8:58 am,7.0,1,567.8
4815,2/6/2023 10:34 am,7.0,1,1570.73
4816,2/6/2023 10:57 am,7.0,1,526.96
4817,2/6/2023 12:31 pm,7.0,1,742.9
4818,2/6/2023 12:43 pm,7.0,1,44.0
4819,2/6/2023 1:11 pm,7.0,1,369.95
4820,2/6/2023 1:44 pm,7.0,1,236.77
4821,2/6/2023 1:45 pm,7.0,1,1651.55
4822,2/6/2023 1:53 pm,7.0,1,696.15
4823,2/6/2023 2:13 pm,7.0,1,314.86
4824,2/6/2023 2:14 pm,7.0,1,349.0
4825,2/6/2023 2:33 pm,7.0,1,188.0
4826,2/6/2023 3:10 pm,7.0,1,453.9
4827,2/6/2023 3:14 pm,7.0,1,1432.0
4828,2/6/2023 4:01 pm,7.0,1,1858.78
4829,2/6/2023 4:42 pm,7.0,1,270.0
4830,2/6/2023 4:53 pm,7.0,1,85.0
4831,2/6/2023 5:53 pm,7.0,1,3000.0
4832,2/6/2023 6:09 pm,7.0,1,386.34
4833,2/6/2023 6:33 pm,7.0,1,977.42
4834,2/6/2023 7:43 pm,7.0,1,509.36
4835,2/6/2023 8:31 pm,7.0,1,305.96
4836,2/6/2023 8:41 pm,7.0,1,450.0
4837,2/6/2023 8:45 pm,7.0,1,323.0
4838,2/6/2023 8:57 pm,7.0,1,3660.8
4839,2/6/2023 9:17 pm,7.0,1,1154.0
4840,2/6/2023 9:20 pm,7.0,1,2558.5
4841,2/6/2023 9:34 pm,7.0,1,2439.69
4842,2/6/2023 9:39 pm,7.0,1,178.5
4843,2/6/2023 10:05 pm,7.0,1,465.8
4844,2/6/2023 10:14 pm,7.0,1,717.4
4845,2/6/2023 10:43 pm,7.0,1,646.0
4846,2/7/2023 6:10 am,7.0,1,1379.95
4847,2/7/2023 7:59 am,7.0,1,194.0
4848,2/7/2023 8:17 am,7.0,1,1274.15
4849,2/7/2023 9:07 am,7.0,1,340.0
4850,2/7/2023 9:19 am,7.0,1,885.0
4851,2/7/2023 10:21 am,7.0,1,1309.0
4852,2/7/2023 10:23 am,7.0,1,594.15
4853,2/7/2023 10:27 am,7.0,1,576.3
4854,2/7/2023 10:37 am,7.0,1,576.0
4855,2/7/2023 11:18 am,7.0,1,229.68
4856,2/7/2023 11:29 am,7.0,1,585.81
4857,2/7/2023 12:13 pm,7.0,1,166.6
4858,2/7/2023 12:37 pm,7.0,1,292.0
4859,2/7/2023 12:43 pm,7.0,1,1293.6
4860,2/7/2023 12:43 pm,7.0,1,325.58
4861,2/7/2023 12:44 pm,7.0,1,600.0
4862,2/7/2023 1:33 pm,7.0,1,646.0
4863,2/7/2023 1:37 pm,7.0,1,276.41
4864,2/7/2023 2:32 pm,7.0,1,698.0
4865,2/7/2023 3:42 pm,7.0,1,259.95
4866,2/7/2023 3:47 pm,7.0,1,552.5
4867,2/7/2023 3:55 pm,7.0,1,426.52
4868,2/7/2023 4:15 pm,7.0,1,386.34
4869,2/7/2023 4:20 pm,7.0,1,331.5
4870,2/7/2023 4:53 pm,7.0,1,764.15
4871,2/7/2023 5:40 pm,7.0,1,700.4
4872,2/7/2023 6:27 pm,7.0,1,574.52
4873,2/7/2023 7:58 pm,7.0,1,904.4
4874,2/7/2023 8:12 pm,7.0,1,1341.3
4875,2/7/2023 8:45 pm,7.0,1,266.0
4876,2/7/2023 9:19 pm,7.0,1,680.4
4877,2/7/2023 9:35 pm,7.0,1,499.98
4878,2/7/2023 10:04 pm,7.0,1,379.95
4879,2/7/2023 11:03 pm,7.0,1,1301.52
4880,2/8/2023 2:21 am,7.0,1,433.0
4881,2/8/2023 5:39 am,7.0,1,299.9
4882,2/8/2023 9:00 am,7.0,1,569.0
4883,2/8/2023 9:16 am,7.0,1,1024.0
4884,2/8/2023 9:57 am,7.0,1,335.75
4885,2/8/2023 11:02 am,7.0,1,1084.6
4886,2/8/2023 11:49 am,7.0,1,1261.78
4887,2/8/2023 12:24 pm,7.0,1,785.6
4888,2/8/2023 12:34 pm,7.0,1,147.85
4889,2/8/2023 1:09 pm,7.0,1,794.9
4890,2/8/2023 1:28 pm,7.0,1,564.4
4891,2/8/2023 1:32 pm,7.0,1,309.02
4892,2/8/2023 1:33 pm,7.0,1,914.6
4893,2/8/2023 1:34 pm,7.0,1,239.0
4894,2/8/2023 2:32 pm,7.0,1,1135.2
4895,2/8/2023 2:42 pm,7.0,1,763.3
4896,2/8/2023 2:49 pm,7.0,1,265.71
4897,2/8/2023 3:21 pm,7.0,1,313.31
4898,2/8/2023 3:26 pm,7.0,1,489.6
4899,2/8/2023 3:29 pm,7.0,1,389.0
4900,2/8/2023 4:04 pm,7.0,1,304.3
4901,2/8/2023 5:01 pm,7.0,1,2279.7
4902,2/8/2023 5:20 pm,7.0,1,952.0
4903,2/8/2023 5:21 pm,7.0,1,632.4
4904,2/8/2023 6:04 pm,7.0,1,811.33
4905,2/8/2023 6:20 pm,7.0,1,712.3
4906,2/8/2023 7:15 pm,7.0,1,1062.5
4907,2/8/2023 7:24 pm,7.0,1,399.5
4908,2/8/2023 7:25 pm,7.0,1,212.5
4909,2/8/2023 7:42 pm,7.0,1,634.89
4910,2/8/2023 7:55 pm,7.0,1,892.49
4911,2/8/2023 8:15 pm,7.0,1,5407.26
4912,2/8/2023 8:32 pm,7.0,1,4675.0
4913,2/8/2023 9:37 pm,7.0,1,399.0
4914,2/8/2023 9:55 pm,7.0,1,1224.0
4915,2/8/2023 10:04 pm,7.0,1,626.96
4916,2/8/2023 10:17 pm,7.0,1,329.0
4917,2/8/2023 10:17 pm,7.0,1,673.2
4918,2/8/2023 10:32 pm,7.0,1,557.59
4919,2/9/2023 8:56 am,7.0,1,1188.3
4920,2/9/2023 11:45 am,7.0,1,455.6
4921,2/9/2023 11:51 am,7.0,1,217.61
4922,2/9/2023 11:59 am,7.0,1,1273.3
4923,2/9/2023 12:12 pm,7.0,1,7318.0
4924,2/9/2023 12:40 pm,7.0,1,1288.7
4925,2/9/2023 1:21 pm,7.0,1,633.6
4926,2/9/2023 1:31 pm,7.0,1,250.0
4927,2/9/2023 1:31 pm,7.0,1,368.0
4928,2/9/2023 2:13 pm,7.0,1,594.0
4929,2/9/2023 2:32 pm,7.0,1,542.3
4930,2/9/2023 2:46 pm,7.0,1,1280.0
4931,2/9/2023 4:22 pm,7.0,1,960.0
4932,2/9/2023 5:20 pm,7.0,1,3719.98
4933,2/9/2023 6:02 pm,7.0,1,335.75
4934,2/9/2023 6:27 pm,7.0,1,714.0
4935,2/9/2023 8:00 pm,7.0,1,173.94
4936,2/9/2023 9:15 pm,7.0,1,461.82
4937,2/9/2023 9:44 pm,7.0,1,435.53
4938,2/9/2023 11:27 pm,7.0,1,644.7
4939,2/10/2023 12:25 am,7.0,1,210.8
4940,2/10/2023 12:40 am,7.0,1,407.15
4941,2/10/2023 12:47 am,7.0,1,1824.95
4942,2/10/2023 6:38 am,7.0,1,688.5
4943,2/10/2023 7:03 am,7.0,1,560.0
4944,2/10/2023 8:17 am,7.0,1,1226.72
4945,2/10/2023 8:44 am,7.0,1,305.96
4946,2/10/2023 10:23 am,7.0,1,305.96
4947,2/10/2023 11:33 am,7.0,1,984.3
4948,2/10/2023 12:23 pm,7.0,1,147.85
4949,2/10/2023 12:44 pm,7.0,1,403.71
4950,2/10/2023 1:27 pm,7.0,1,841.5
4951,2/10/2023 1:45 pm,7.0,1,892.5
4952,2/10/2023 1:48 pm,7.0,1,1584.0
4953,2/10/2023 2:16 pm,7.0,1,424.0
4954,2/10/2023 2:29 pm,7.0,1,277.16
4955,2/10/2023 2:31 pm,7.0,1,151.3
4956,2/10/2023 2:55 pm,7.0,1,1088.0
4957,2/10/2023 3:05 pm,7.0,1,544.0
4958,2/10/2023 4:29 pm,7.0,1,228.0
4959,2/10/2023 4:52 pm,7.0,1,757.74
4960,2/10/2023 5:32 pm,7.0,1,374.0
4961,2/10/2023 6:19 pm,7.0,1,1683.0
4962,2/10/2023 6:45 pm,7.0,1,2344.24
4963,2/10/2023 7:08 pm,7.0,1,866.18
4964,2/10/2023 7:18 pm,7.0,1,378.35
4965,2/10/2023 9:31 pm,7.0,1,625.9
4966,2/10/2023 10:38 pm,7.0,1,271.15
4967,2/11/2023 12:12 am,7.0,1,13.6
4968,2/11/2023 12:31 am,7.0,1,482.8
4969,2/11/2023 1:04 am,7.0,1,385.09
4970,2/11/2023 2:15 am,7.0,1,180.0
4971,2/11/2023 4:21 am,7.0,1,576.3
4972,2/11/2023 8:41 am,7.0,1,370.6
4973,2/11/2023 10:01 am,7.0,1,215.9
4974,2/11/2023 10:29 am,7.0,1,513.6
4975,2/11/2023 11:45 am,7.0,1,320.39
4976,2/11/2023 12:01 pm,7.0,1,356.0
4977,2/11/2023 12:02 pm,7.0,1,346.15
4978,2/11/2023 12:24 pm,7.0,1,255.99
4979,2/11/2023 12:26 pm,7.0,1,486.75
4980,2/11/2023 12:35 pm,7.0,1,233.15
4981,2/11/2023 12:49 pm,7.0,1,328.39
4982,2/11/2023 12:58 pm,7.0,1,675.75
4983,2/11/2023 1:10 pm,7.0,1,1699.0
4984,2/11/2023 1:13 pm,7.0,1,474.75
4985,2/11/2023 1:15 pm,7.0,1,671.5
4986,2/11/2023 1:26 pm,7.0,1,1181.02
4987,2/11/2023 1:28 pm,7.0,1,621.89
4988,2/11/2023 1:38 pm,7.0,1,739.25
4989,2/11/2023 1:43 pm,7.0,1,1274.15
4990,2/11/2023 3:39 pm,7.0,1,379.27
4991,2/11/2023 4:32 pm,7.0,1,298.0
4992,2/11/2023 4:57 pm,7.0,1,13.6
4993,2/11/2023 5:13 pm,7.0,1,219.2
4994,2/11/2023 5:41 pm,7.0,1,352.0
4995,2/11/2023 7:24 pm,7.0,1,159.38
4996,2/11/2023 7:54 pm,7.0,1,38.52
4997,2/11/2023 8:00 pm,7.0,1,286.34
4998,2/11/2023 8:04 pm,7.0,1,1899.75
4999,2/11/2023 8:31 pm,7.0,1,863.6
5000,2/11/2023 8:34 pm,7.0,1,599.25
5001,2/11/2023 9:46 pm,7.0,1,143.29
5002,2/11/2023 10:08 pm,7.0,1,100.89
5003,2/11/2023 10:26 pm,7.0,1,4099.04
5004,2/11/2023 11:55 pm,7.0,1,733.94
5005,2/12/2023 1:47 am,7.0,1,313.18
5006,2/12/2023 10:52 am,7.0,1,1443.3
5007,2/12/2023 11:24 am,7.0,1,916.3
5008,2/12/2023 11:49 am,7.0,1,552.5
5009,2/12/2023 1:27 pm,7.0,1,173.94
5010,2/12/2023 1:30 pm,7.0,1,127.5
5011,2/12/2023 2:10 pm,7.0,1,34.0
5012,2/12/2023 2:30 pm,7.0,1,2600.32
5013,2/12/2023 2:32 pm,7.0,1,463.56
5014,2/12/2023 2:59 pm,7.0,1,1154.37
5015,2/12/2023 3:08 pm,7.0,1,628.15
5016,2/12/2023 3:42 pm,7.0,1,340.0
5017,2/12/2023 4:27 pm,7.0,1,225.76
5018,2/12/2023 5:51 pm,7.0,1,318.78
5019,2/12/2023 6:16 pm,7.0,1,1018.3
5020,2/12/2023 7:09 pm,7.0,1,543.15
5021,2/12/2023 7:29 pm,7.0,1,167.28
5022,2/12/2023 7:56 pm,7.0,1,481.95
5023,2/12/2023 10:02 pm,7.0,1,1358.3
5024,2/12/2023 10:15 pm,7.0,1,239.89
5025,2/12/2023 10:20 pm,7.0,1,136.0
5026,2/12/2023 10:46 pm,7.0,1,1091.0
5027,2/12/2023 10:51 pm,7.0,1,561.89
5028,2/12/2023 11:52 pm,7.0,1,484.46
5029,2/13/2023 5:35 am,8.0,1,1232.0
5030,2/13/2023 7:11 am,8.0,1,491.73
5031,2/13/2023 7:17 am,8.0,1,2142.4
5032,2/13/2023 9:06 am,8.0,1,1253.54
5033,2/13/2023 9:16 am,8.0,1,399.5
5034,2/13/2023 10:03 am,8.0,1,143.65
5035,2/13/2023 10:03 am,8.0,1,1735.36
5036,2/13/2023 10:11 am,8.0,1,4182.0
5037,2/13/2023 10:33 am,8.0,1,398.65
5038,2/13/2023 10:56 am,8.0,1,254.15
5039,2/13/2023 11:16 am,8.0,1,509.15
5040,2/13/2023 12:18 pm,8.0,1,774.88
5041,2/13/2023 12:36 pm,8.0,1,525.44
5042,2/13/2023 12:40 pm,8.0,1,890.12
5043,2/13/2023 12:52 pm,8.0,1,458.15
5044,2/13/2023 1:10 pm,8.0,1,3104.92
5045,2/13/2023 1:24 pm,8.0,1,1351.5
5046,2/13/2023 1:46 pm,8.0,1,599.67
5047,2/13/2023 2:50 pm,8.0,1,1368.44
5048,2/13/2023 3:13 pm,8.0,1,112.0
5049,2/13/2023 3:25 pm,8.0,1,219.2
5050,2/13/2023 4:25 pm,8.0,1,1478.0
5051,2/13/2023 4:41 pm,8.0,1,297.46
5052,2/13/2023 5:10 pm,8.0,1,2754.0
5053,2/13/2023 5:31 pm,8.0,1,742.9
5054,2/13/2023 5:39 pm,8.0,1,881.45
5055,2/13/2023 6:19 pm,8.0,1,359.95
5056,2/13/2023 6:57 pm,8.0,1,789.65
5057,2/13/2023 7:24 pm,8.0,1,292.8
5058,2/13/2023 7:25 pm,8.0,1,65.9
5059,2/13/2023 7:56 pm,8.0,1,2694.5
5060,2/13/2023 7:57 pm,8.0,1,173.4
5061,2/13/2023 9:11 pm,8.0,1,399.28
5062,2/13/2023 9:12 pm,8.0,1,812.33
5063,2/13/2023 9:21 pm,8.0,1,4854.52
5064,2/13/2023 9:27 pm,8.0,1,1490.0
5065,2/13/2023 10:20 pm,8.0,1,416.0
5066,2/13/2023 10:53 pm,8.0,1,675.75
5067,2/14/2023 12:17 am,8.0,1,192.39
5068,2/14/2023 12:38 am,8.0,1,327.76
5069,2/14/2023 5:38 am,8.0,1,1135.51
5070,2/14/2023 7:40 am,8.0,1,1884.96
5071,2/14/2023 9:37 am,8.0,1,430.0
5072,2/14/2023 10:00 am,8.0,1,299.0
5073,2/14/2023 10:06 am,8.0,1,541.29
5074,2/14/2023 10:33 am,8.0,1,196.5
5075,2/14/2023 10:37 am,8.0,1,147.85
5076,2/14/2023 11:03 am,8.0,1,657.0
5077,2/14/2023 11:28 am,8.0,1,427.2
5078,2/14/2023 11:32 am,8.0,1,781.68
5079,2/14/2023 11:38 am,8.0,1,729.3
5080,2/14/2023 2:43 pm,8.0,1,1699.15
5081,2/14/2023 2:43 pm,8.0,1,2353.65
5082,2/14/2023 2:43 pm,8.0,1,1517.6
5083,2/14/2023 2:44 pm,8.0,1,948.8
5084,2/14/2023 3:10 pm,8.0,1,356.0
5085,2/14/2023 4:34 pm,8.0,1,1774.8
5086,2/14/2023 5:19 pm,8.0,1,787.82
5087,2/14/2023 6:48 pm,8.0,1,738.0
5088,2/14/2023 7:39 pm,8.0,1,1944.92
5089,2/14/2023 8:11 pm,8.0,1,773.42
5090,2/14/2023 9:05 pm,8.0,1,1835.55
5091,2/14/2023 9:12 pm,8.0,1,1163.74
5092,2/14/2023 9:45 pm,8.0,1,386.9
5093,2/15/2023 12:04 am,8.0,1,475.2
5094,2/15/2023 12:14 am,8.0,1,226.1
5095,2/15/2023 12:56 am,8.0,1,179.69
5096,2/15/2023 1:47 am,8.0,1,210.8
5097,2/15/2023 7:27 am,8.0,1,253.3
5098,2/15/2023 9:14 am,8.0,1,814.3
5099,2/15/2023 9:37 am,8.0,1,579.6
5100,2/15/2023 9:38 am,8.0,1,196.56
5101,2/15/2023 10:02 am,8.0,1,616.0
5102,2/15/2023 11:49 am,8.0,1,1559.8
5103,2/15/2023 12:20 pm,8.0,1,145.42
5104,2/15/2023 1:37 pm,8.0,1,1514.7
5105,2/15/2023 1:57 pm,8.0,1,407.32
5106,2/15/2023 2:35 pm,8.0,1,1401.4
5107,2/15/2023 2:49 pm,8.0,1,561.89
5108,2/15/2023 3:34 pm,8.0,1,738.65
5109,2/15/2023 4:08 pm,8.0,1,320.39
5110,2/15/2023 4:28 pm,8.0,1,630.52
5111,2/15/2023 5:05 pm,8.0,1,356.16
5112,2/15/2023 6:53 pm,8.0,1,1109.07
5113,2/15/2023 8:37 pm,8.0,1,168.3
5114,2/15/2023 9:29 pm,8.0,1,1103.2
5115,2/15/2023 9:31 pm,8.0,1,1371.7
5116,2/15/2023 10:09 pm,8.0,1,854.4
5117,2/15/2023 10:18 pm,8.0,1,2622.25
5118,2/15/2023 10:20 pm,8.0,1,696.15
5119,2/15/2023 10:37 pm,8.0,1,973.25
5120,2/15/2023 11:21 pm,8.0,1,1372.28
5121,2/15/2023 11:37 pm,8.0,1,1227.96
5122,2/16/2023 1:15 am,8.0,1,429.0
5123,2/16/2023 9:13 am,8.0,1,1348.2
5124,2/16/2023 10:49 am,8.0,1,467.5
5125,2/16/2023 12:05 pm,8.0,1,286.4
5126,2/16/2023 12:08 pm,8.0,1,1155.87
5127,2/16/2023 12:13 pm,8.0,1,438.6
5128,2/16/2023 1:13 pm,8.0,1,157.43
5129,2/16/2023 1:55 pm,8.0,1,3790.2
5130,2/16/2023 3:33 pm,8.0,1,209.5
5131,2/16/2023 4:00 pm,8.0,1,730.85
5132,2/16/2023 4:11 pm,8.0,1,643.2
5133,2/16/2023 4:35 pm,8.0,1,367.2
5134,2/16/2023 5:28 pm,8.0,1,468.0
5135,2/16/2023 6:19 pm,8.0,1,1707.0
5136,2/16/2023 6:50 pm,8.0,1,720.0
5137,2/16/2023 6:51 pm,8.0,1,309.07
5138,2/16/2023 7:39 pm,8.0,1,331.4
5139,2/16/2023 9:11 pm,8.0,1,82.6
5140,2/16/2023 10:38 pm,8.0,1,459.38
5141,2/16/2023 11:21 pm,8.0,1,505.75
5142,2/17/2023 10:39 am,8.0,1,288.32
5143,2/17/2023 10:59 am,8.0,1,478.4
5144,2/17/2023 11:28 am,8.0,1,749.95
5145,2/17/2023 12:08 pm,8.0,1,335.21
5146,2/17/2023 12:09 pm,8.0,1,250.75
5147,2/17/2023 12:21 pm,8.0,1,440.3
5148,2/17/2023 12:53 pm,8.0,1,1330.48
5149,2/17/2023 12:55 pm,8.0,1,1499.4
5150,2/17/2023 1:18 pm,8.0,1,663.0
5151,2/17/2023 1:19 pm,8.0,1,497.49
5152,2/17/2023 1:52 pm,8.0,1,969.0
5153,2/17/2023 1:59 pm,8.0,1,294.56
5154,2/17/2023 2:00 pm,8.0,1,283.61
5155,2/17/2023 2:08 pm,8.0,1,312.0
5156,2/17/2023 2:24 pm,8.0,1,290.94
5157,2/17/2023 2:37 pm,8.0,1,603.46
5158,2/17/2023 2:49 pm,8.0,1,676.6
5159,2/17/2023 2:59 pm,8.0,1,408.0
5160,2/17/2023 3:01 pm,8.0,1,505.75
5161,2/17/2023 3:20 pm,8.0,1,1114.56
5162,2/17/2023 3:34 pm,8.0,1,3230.0
5163,2/17/2023 3:41 pm,8.0,1,400.43
5164,2/17/2023 4:47 pm,8.0,1,396.1
5165,2/17/2023 5:00 pm,8.0,1,1406.24
5166,2/17/2023 5:16 pm,8.0,1,2660.0
5167,2/17/2023 6:23 pm,8.0,1,71.74
5168,2/17/2023 6:38 pm,8.0,1,696.15
5169,2/17/2023 6:58 pm,8.0,1,743.97
5170,2/17/2023 7:19 pm,8.0,1,700.8
5171,2/17/2023 7:22 pm,8.0,1,672.0
5172,2/17/2023 7:47 pm,8.0,1,397.15
5173,2/17/2023 9:02 pm,8.0,1,452.5
5174,2/17/2023 9:25 pm,8.0,1,467.93
5175,2/17/2023 9:37 pm,8.0,1,1638.0
5176,2/17/2023 9:48 pm,8.0,1,1049.75
5177,2/17/2023 9:54 pm,8.0,1,272.0
5178,2/18/2023 9:19 am,8.0,1,767.7
5179,2/18/2023 10:03 am,8.0,1,399.95
5180,2/18/2023 10:03 am,8.0,1,2102.61
5181,2/18/2023 12:43 pm,8.0,1,429.87
5182,2/18/2023 12:53 pm,8.0,1,304.0
5183,2/18/2023 1:04 pm,8.0,1,376.74
5184,2/18/2023 1:08 pm,8.0,1,1301.52
5185,2/18/2023 1:17 pm,8.0,1,105.4
5186,2/18/2023 1:35 pm,8.0,1,668.8
5187,2/18/2023 1:49 pm,8.0,1,505.75
5188,2/18/2023 1:53 pm,8.0,1,319.2
5189,2/18/2023 2:57 pm,8.0,1,1770.0
5190,2/18/2023 3:09 pm,8.0,1,349.07
5191,2/18/2023 3:40 pm,8.0,1,764.75
5192,2/18/2023 3:58 pm,8.0,1,218.14
5193,2/18/2023 4:16 pm,8.0,1,1519.2
5194,2/18/2023 5:42 pm,8.0,1,2654.54
5195,2/18/2023 6:58 pm,8.0,1,433.5
5196,2/18/2023 6:58 pm,8.0,1,7475.29
5197,2/18/2023 7:01 pm,8.0,1,8971.63
5198,2/18/2023 7:06 pm,8.0,1,1098.0
5199,2/18/2023 7:18 pm,8.0,1,265.6
5200,2/18/2023 7:27 pm,8.0,1,492.15
5201,2/18/2023 7:38 pm,8.0,1,4930.0
5202,2/18/2023 7:56 pm,8.0,1,309.07
5203,2/18/2023 9:11 pm,8.0,1,814.05
5204,2/18/2023 9:42 pm,8.0,1,813.27
5205,2/18/2023 9:53 pm,8.0,1,32.0
5206,2/18/2023 9:57 pm,8.0,1,716.8
5207,2/18/2023 10:20 pm,8.0,1,391.14
5208,2/18/2023 10:23 pm,8.0,1,1230.04
5209,2/18/2023 10:45 pm,8.0,1,1368.51
5210,2/18/2023 11:32 pm,8.0,1,285.69
5211,2/19/2023 12:07 am,8.0,1,610.64
5212,2/19/2023 12:07 am,8.0,1,557.9
5213,2/19/2023 1:07 am,8.0,1,408.0
5214,2/19/2023 1:28 am,8.0,1,272.0
5215,2/19/2023 4:25 am,8.0,1,495.0
5216,2/19/2023 6:49 am,8.0,1,253.3
5217,2/19/2023 8:51 am,8.0,1,309.07
5218,2/19/2023 9:23 am,8.0,1,2478.87
5219,2/19/2023 9:39 am,8.0,1,850.0
5220,2/19/2023 9:44 am,8.0,1,1009.8
5221,2/19/2023 9:58 am,8.0,1,501.85
5222,2/19/2023 10:59 am,8.0,1,305.96
5223,2/19/2023 11:32 am,8.0,1,1529.15
5224,2/19/2023 11:47 am,8.0,1,326.98
5225,2/19/2023 12:29 pm,8.0,1,186.15
5226,2/19/2023 1:29 pm,8.0,1,270.9
5227,2/19/2023 2:01 pm,8.0,1,379.2
5228,2/19/2023 2:54 pm,8.0,1,402.9
5229,2/19/2023 3:06 pm,8.0,1,3395.75
5230,2/19/2023 3:11 pm,8.0,1,304.95
5231,2/19/2023 3:14 pm,8.0,1,668.8
5232,2/19/2023 3:28 pm,8.0,1,723.74
5233,2/19/2023 3:38 pm,8.0,1,360.0
5234,2/19/2023 3:58 pm,8.0,1,805.32
5235,2/19/2023 4:26 pm,8.0,1,672.0
5236,2/19/2023 7:12 pm,8.0,1,381.65
5237,2/19/2023 7:33 pm,8.0,1,952.0
5238,2/19/2023 9:02 pm,8.0,1,1326.0
5239,2/19/2023 9:35 pm,8.0,1,194.21
5240,2/19/2023 9:41 pm,8.0,1,332.8
5241,2/19/2023 9:44 pm,8.0,1,840.0
5242,2/19/2023 9:46 pm,8.0,1,199.2
5243,2/19/2023 9:59 pm,8.0,1,239.89
5244,2/19/2023 10:01 pm,8.0,1,2587.4
5245,2/19/2023 10:17 pm,8.0,1,220.96
5246,2/19/2023 10:35 pm,8.0,1,499.8
5247,2/19/2023 10:36 pm,8.0,1,2125.0
5248,2/19/2023 10:43 pm,8.0,1,705.18
5249,2/19/2023 10:54 pm,8.0,1,2371.5
5250,2/19/2023 11:59 pm,8.0,1,505.75
5251,2/20/2023 12:04 am,9.0,1,312.0
5252,2/20/2023 12:07 am,9.0,1,352.0
5253,2/20/2023 12:25 am,9.0,1,134.52
5254,2/20/2023 1:52 am,9.0,1,364.65
5255,2/20/2023 2:36 am,9.0,1,292.17
5256,2/20/2023 9:24 am,9.0,1,339.0
5257,2/20/2023 10:05 am,9.0,1,1044.64
5258,2/20/2023 10:18 am,9.0,1,2610.52
5259,2/20/2023 10:29 am,9.0,1,463.79
5260,2/20/2023 10:30 am,9.0,1,1569.95
5261,2/20/2023 10:37 am,9.0,1,372.0
5262,2/20/2023 10:38 am,9.0,1,902.76
5263,2/20/2023 10:46 am,9.0,1,7592.55
5264,2/20/2023 10:47 am,9.0,1,292.8
5265,2/20/2023 11:05 am,9.0,1,507.25
5266,2/20/2023 11:27 am,9.0,1,303.2
5267,2/20/2023 11:54 am,9.0,1,849.15
5268,2/20/2023 12:16 pm,9.0,1,429.4
5269,2/20/2023 12:23 pm,9.0,1,309.07
5270,2/20/2023 12:24 pm,9.0,1,831.3
5271,2/20/2023 12:31 pm,9.0,1,183.2
5272,2/20/2023 1:11 pm,9.0,1,324.7
5273,2/20/2023 1:37 pm,9.0,1,446.25
5274,2/20/2023 1:44 pm,9.0,1,8.46
5275,2/20/2023 1:50 pm,9.0,1,646.0
5276,2/20/2023 2:24 pm,9.0,1,1402.5
5277,2/20/2023 2:49 pm,9.0,1,492.93
5278,2/20/2023 3:39 pm,9.0,1,591.6
5279,2/20/2023 3:58 pm,9.0,1,31.0
5280,2/20/2023 4:00 pm,9.0,1,1136.42
5281,2/20/2023 4:17 pm,9.0,1,271.15
5282,2/20/2023 4:46 pm,9.0,1,994.7
5283,2/20/2023 4:50 pm,9.0,1,526.4
5284,2/20/2023 5:15 pm,9.0,1,250.11
5285,2/20/2023 6:32 pm,9.0,1,247.24
5286,2/20/2023 7:25 pm,9.0,1,575.6
5287,2/20/2023 7:48 pm,9.0,1,674.75
5288,2/20/2023 7:48 pm,9.0,1,474.95
5289,2/20/2023 8:32 pm,9.0,1,507.1
5290,2/20/2023 8:57 pm,9.0,1,400.09
5291,2/20/2023 8:58 pm,9.0,1,378.0
5292,2/20/2023 9:19 pm,9.0,1,347.88
5293,2/20/2023 9:24 pm,9.0,1,148.71
5294,2/20/2023 9:25 pm,9.0,1,506.39
5295,2/20/2023 9:28 pm,9.0,1,1310.8
5296,2/20/2023 10:11 pm,9.0,1,430.4
5297,2/20/2023 10:14 pm,9.0,1,807.22
5298,2/20/2023 10:17 pm,9.0,1,2396.15
5299,2/20/2023 10:20 pm,9.0,1,474.95
5300,2/20/2023 10:32 pm,9.0,1,1084.6
5301,2/20/2023 10:36 pm,9.0,1,1149.54
5302,2/20/2023 10:40 pm,9.0,1,365.5
5303,2/20/2023 10:43 pm,9.0,1,1089.7
5304,2/20/2023 10:53 pm,9.0,1,785.44
5305,2/20/2023 11:16 pm,9.0,1,295.7
5306,2/20/2023 11:20 pm,9.0,1,487.22
5307,2/20/2023 11:52 pm,9.0,1,529.69
5308,2/21/2023 12:03 am,9.0,1,489.6
5309,2/21/2023 12:03 am,9.0,1,92.65
5310,2/21/2023 12:23 am,9.0,1,1242.23
5311,2/21/2023 12:46 am,9.0,1,591.21
5312,2/21/2023 2:35 am,9.0,1,308.59
5313,2/21/2023 4:31 am,9.0,1,202.3
5314,2/21/2023 6:59 am,9.0,1,281.95
5315,2/21/2023 7:59 am,9.0,1,289.77
5316,2/21/2023 8:12 am,9.0,1,436.32
5317,2/21/2023 8:35 am,9.0,1,223.79
5318,2/21/2023 9:16 am,9.0,1,151.29
5319,2/21/2023 9:37 am,9.0,1,252.8
5320,2/21/2023 10:45 am,9.0,1,1166.88
5321,2/21/2023 10:47 am,9.0,1,5774.73
5322,2/21/2023 10:54 am,9.0,1,1324.3
5323,2/21/2023 10:57 am,9.0,1,1768.67
5324,2/21/2023 11:25 am,9.0,1,1136.96
5325,2/21/2023 11:47 am,9.0,1,1899.09
5326,2/21/2023 11:50 am,9.0,1,2880.65
5327,2/21/2023 11:58 am,9.0,1,321.6
5328,2/21/2023 12:47 pm,9.0,1,168.3
5329,2/21/2023 1:01 pm,9.0,1,40.5
5330,2/21/2023 1:11 pm,9.0,1,225.0
5331,2/21/2023 1:41 pm,9.0,1,391.47
5332,2/21/2023 1:52 pm,9.0,1,231.2
5333,2/21/2023 2:48 pm,9.0,1,672.0
5334,2/21/2023 3:07 pm,9.0,1,917.19
5335,2/21/2023 3:55 pm,9.0,1,782.0
5336,2/21/2023 3:58 pm,9.0,1,1507.82
5337,2/21/2023 4:06 pm,9.0,1,239.2
5338,2/21/2023 4:12 pm,9.0,1,241.4
5339,2/21/2023 4:34 pm,9.0,1,229.5
5340,2/21/2023 4:41 pm,9.0,1,18657.5
5341,2/21/2023 5:04 pm,9.0,1,5140.78
5342,2/21/2023 5:27 pm,9.0,1,660.55
5343,2/21/2023 5:31 pm,9.0,1,138.0
5344,2/21/2023 5:33 pm,9.0,1,1316.65
5345,2/21/2023 5:42 pm,9.0,1,1421.2
5346,2/21/2023 6:24 pm,9.0,1,600.0
5347,2/21/2023 8:11 pm,9.0,1,327.25
5348,2/21/2023 8:34 pm,9.0,1,696.15
5349,2/21/2023 9:18 pm,9.0,1,457.3
5350,2/21/2023 9:23 pm,9.0,1,412.8
5351,2/21/2023 9:24 pm,9.0,1,530.45
5352,2/21/2023 10:13 pm,9.0,1,214.52
5353,2/21/2023 10:26 pm,9.0,1,377.4
5354,2/21/2023 10:29 pm,9.0,1,1476.45
5355,2/21/2023 11:06 pm,9.0,1,176.0
5356,2/21/2023 11:14 pm,9.0,1,420.0
5357,2/22/2023 12:06 am,9.0,1,295.7
5358,2/22/2023 12:35 am,9.0,1,382.5
5359,2/22/2023 1:22 am,9.0,1,387.24
5360,2/22/2023 1:37 am,9.0,1,1243.6
5361,2/22/2023 2:36 am,9.0,1,296.65
5362,2/22/2023 8:35 am,9.0,1,185.3
5363,2/22/2023 9:08 am,9.0,1,1444.15
5364,2/22/2023 10:20 am,9.0,1,478.4
5365,2/22/2023 10:24 am,9.0,1,164.85
5366,2/22/2023 10:59 am,9.0,1,1240.84
5367,2/22/2023 11:09 am,9.0,1,229.46
5368,2/22/2023 11:39 am,9.0,1,147.85
5369,2/22/2023 1:20 pm,9.0,1,998.4
5370,2/22/2023 1:46 pm,9.0,1,102.0
5371,2/22/2023 2:06 pm,9.0,1,153.0
5372,2/22/2023 2:12 pm,9.0,1,898.0
5373,2/22/2023 2:16 pm,9.0,1,5233.29
5374,2/22/2023 2:45 pm,9.0,1,888.19
5375,2/22/2023 2:51 pm,9.0,1,392.45
5376,2/22/2023 3:47 pm,9.0,1,283.61
5377,2/22/2023 4:20 pm,9.0,1,302.6
5378,2/22/2023 4:26 pm,9.0,1,455.2
5379,2/22/2023 4:46 pm,9.0,1,1291.68
5380,2/22/2023 5:20 pm,9.0,1,594.15
5381,2/22/2023 5:38 pm,9.0,1,278.0
5382,2/22/2023 5:52 pm,9.0,1,655.7
5383,2/22/2023 6:42 pm,9.0,1,359.21
5384,2/22/2023 6:47 pm,9.0,1,382.5
5385,2/22/2023 6:50 pm,9.0,1,359.21
5386,2/22/2023 7:11 pm,9.0,1,958.4
5387,2/22/2023 7:22 pm,9.0,1,1086.3
5388,2/22/2023 8:03 pm,9.0,1,505.75
5389,2/22/2023 8:03 pm,9.0,1,361.25
5390,2/22/2023 8:07 pm,9.0,1,630.49
5391,2/22/2023 8:13 pm,9.0,1,397.9
5392,2/22/2023 8:47 pm,9.0,1,467.5
5393,2/22/2023 8:49 pm,9.0,1,261.79
5394,2/22/2023 8:53 pm,9.0,1,1748.45
5395,2/22/2023 8:55 pm,9.0,1,560.15
5396,2/22/2023 9:35 pm,9.0,1,803.61
5397,2/22/2023 9:57 pm,9.0,1,2373.53
5398,2/22/2023 10:07 pm,9.0,1,1936.0
5399,2/22/2023 11:39 pm,9.0,1,166.6
5400,2/23/2023 12:09 am,9.0,1,1221.88
5401,2/23/2023 12:09 am,9.0,1,642.4
5402,2/23/2023 6:16 am,9.0,1,1525.92
5403,2/23/2023 7:58 am,9.0,1,594.15
5404,2/23/2023 8:36 am,9.0,1,1667.06
5405,2/23/2023 11:09 am,9.0,1,147.85
5406,2/23/2023 11:11 am,9.0,1,210.8
5407,2/23/2023 11:14 am,9.0,1,807.74
5408,2/23/2023 11:50 am,9.0,1,475.2
5409,2/23/2023 11:54 am,9.0,1,285.53
5410,2/23/2023 11:55 am,9.0,1,476.0
5411,2/23/2023 12:01 pm,9.0,1,19762.5
5412,2/23/2023 12:19 pm,9.0,1,881.3
5413,2/23/2023 12:41 pm,9.0,1,536.78
5414,2/23/2023 1:01 pm,9.0,1,1277.88
5415,2/23/2023 1:27 pm,9.0,1,128.0
5416,2/23/2023 2:27 pm,9.0,1,63.0
5417,2/23/2023 2:27 pm,9.0,1,985.3
5418,2/23/2023 2:42 pm,9.0,1,678.3
5419,2/23/2023 2:58 pm,9.0,1,236.47
5420,2/23/2023 3:23 pm,9.0,1,4225.0
5421,2/23/2023 3:50 pm,9.0,1,745.6
5422,2/23/2023 3:55 pm,9.0,1,569.5
5423,2/23/2023 4:08 pm,9.0,1,1187.48
5424,2/23/2023 4:46 pm,9.0,1,1399.2
5425,2/23/2023 5:36 pm,9.0,1,2490.0
5426,2/23/2023 7:37 pm,9.0,1,339.15
5427,2/23/2023 7:42 pm,9.0,1,814.3
5428,2/23/2023 8:27 pm,9.0,1,476.0
5429,2/23/2023 10:33 pm,9.0,1,295.8
5430,2/24/2023 12:50 am,9.0,1,501.6
5431,2/24/2023 7:42 am,9.0,1,340.8
5432,2/24/2023 8:00 am,9.0,1,569.6
5433,2/24/2023 9:44 am,9.0,1,614.0
5434,2/24/2023 11:25 am,9.0,1,1231.65
5435,2/24/2023 11:29 am,9.0,1,499.0
5436,2/24/2023 11:31 am,9.0,1,412.66
5437,2/24/2023 11:38 am,9.0,1,336.6
5438,2/24/2023 12:30 pm,9.0,1,535.46
5439,2/24/2023 12:40 pm,9.0,1,356.15
5440,2/24/2023 1:18 pm,9.0,1,845.34
5441,2/24/2023 1:54 pm,9.0,1,319.9
5442,2/24/2023 2:07 pm,9.0,1,710.6
5443,2/24/2023 2:41 pm,9.0,1,1437.0
5444,2/24/2023 2:53 pm,9.0,1,153.0
5445,2/24/2023 4:40 pm,9.0,1,118.15
5446,2/24/2023 5:17 pm,9.0,1,2239.2
5447,2/24/2023 7:33 pm,9.0,1,880.0
5448,2/24/2023 8:16 pm,9.0,1,249.0
5449,2/24/2023 8:45 pm,9.0,1,357.0
5450,2/24/2023 9:43 pm,9.0,1,153.08
5451,2/24/2023 9:58 pm,9.0,1,319.0
5452,2/24/2023 11:28 pm,9.0,1,326.4
5453,2/24/2023 11:52 pm,9.0,1,636.0
5454,2/25/2023 1:14 am,9.0,1,2048.5
5455,2/25/2023 1:51 am,9.0,1,342.13
5456,2/25/2023 8:19 am,9.0,1,3045.55
5457,2/25/2023 8:20 am,9.0,1,126.65
5458,2/25/2023 8:44 am,9.0,1,909.21
5459,2/25/2023 10:46 am,9.0,1,468.26
5460,2/25/2023 11:14 am,9.0,1,5723.05
5461,2/25/2023 11:25 am,9.0,1,409.43
5462,2/25/2023 12:00 pm,9.0,1,879.0
5463,2/25/2023 12:31 pm,9.0,1,1029.6
5464,2/25/2023 12:39 pm,9.0,1,15.95
5465,2/25/2023 1:31 pm,9.0,1,670.65
5466,2/25/2023 2:07 pm,9.0,1,254.7
5467,2/25/2023 2:23 pm,9.0,1,518.14
5468,2/25/2023 2:47 pm,9.0,1,2872.32
5469,2/25/2023 3:27 pm,9.0,1,131.8
5470,2/25/2023 3:40 pm,9.0,1,394.95
5471,2/25/2023 4:35 pm,9.0,1,977.5
5472,2/25/2023 4:42 pm,9.0,1,2144.55
5473,2/25/2023 4:47 pm,9.0,1,229.5
5474,2/25/2023 4:55 pm,9.0,1,1360.0
5475,2/25/2023 5:03 pm,9.0,1,426.7
5476,2/25/2023 5:57 pm,9.0,1,425.0
5477,2/25/2023 6:09 pm,9.0,1,602.92
5478,2/25/2023 6:54 pm,9.0,1,3625.6
5479,2/25/2023 7:13 pm,9.0,1,900.0
5480,2/25/2023 7:56 pm,9.0,1,1236.75
5481,2/25/2023 8:09 pm,9.0,1,341.18
5482,2/25/2023 8:33 pm,9.0,1,431.45
5483,2/25/2023 8:42 pm,9.0,1,494.7
5484,2/25/2023 9:00 pm,9.0,1,647.6
5485,2/25/2023 10:31 pm,9.0,1,1116.0
5486,2/25/2023 10:35 pm,9.0,1,29.95
5487,2/26/2023 12:40 am,9.0,1,1452.99
5488,2/26/2023 12:50 am,9.0,1,292.8
5489,2/26/2023 3:25 am,9.0,1,295.0
5490,2/26/2023 10:18 am,9.0,1,241.4
5491,2/26/2023 10:23 am,9.0,1,280.5
5492,2/26/2023 10:53 am,9.0,1,447.1
5493,2/26/2023 11:10 am,9.0,1,280.0
5494,2/26/2023 11:14 am,9.0,1,120.7
5495,2/26/2023 11:35 am,9.0,1,1426.3
5496,2/26/2023 12:44 pm,9.0,1,1970.3
5497,2/26/2023 2:03 pm,9.0,1,505.75
5498,2/26/2023 2:39 pm,9.0,1,475.2
5499,2/26/2023 3:16 pm,9.0,1,370.88
5500,2/26/2023 4:05 pm,9.0,1,2149.65
5501,2/26/2023 4:17 pm,9.0,1,985.15
5502,2/26/2023 4:19 pm,9.0,1,695.34
5503,2/26/2023 5:30 pm,9.0,1,336.6
5504,2/26/2023 5:35 pm,9.0,1,395.0
5505,2/26/2023 5:47 pm,9.0,1,1776.6
5506,2/26/2023 6:05 pm,9.0,1,230.0
5507,2/26/2023 6:09 pm,9.0,1,324.0
5508,2/26/2023 6:58 pm,9.0,1,810.0
5509,2/26/2023 7:19 pm,9.0,1,60.0
5510,2/26/2023 7:22 pm,9.0,1,882.3
5511,2/26/2023 7:32 pm,9.0,1,357.0
5512,2/26/2023 7:45 pm,9.0,1,295.8
5513,2/26/2023 10:57 pm,9.0,1,636.0
5514,2/26/2023 11:29 pm,9.0,1,394.36
5515,2/27/2023 1:17 am,10.0,1,1112.65
5516,2/27/2023 7:47 am,10.0,1,370.0
5517,2/27/2023 7:51 am,10.0,1,1024.76
5518,2/27/2023 8:18 am,10.0,1,454.4
5519,2/27/2023 8:45 am,10.0,1,622.2
5520,2/27/2023 9:12 am,10.0,1,323.2
5521,2/27/2023 9:39 am,10.0,1,212.48
5522,2/27/2023 9:43 am,10.0,1,876.0
5523,2/27/2023 9:48 am,10.0,1,1316.65
5524,2/27/2023 10:17 am,10.0,1,413.39
5525,2/27/2023 10:43 am,10.0,1,1875.1
5526,2/27/2023 10:59 am,10.0,1,357.97
5527,2/27/2023 11:01 am,10.0,1,457.3
5528,2/27/2023 11:15 am,10.0,1,4057.41
5529,2/27/2023 11:17 am,10.0,1,1638.0
5530,2/27/2023 11:43 am,10.0,1,910.6
5531,2/27/2023 11:58 am,10.0,1,1490.9
5532,2/27/2023 12:19 pm,10.0,1,1938.0
5533,2/27/2023 1:12 pm,10.0,1,536.0
5534,2/27/2023 1:20 pm,10.0,1,686.08
5535,2/27/2023 2:21 pm,10.0,1,1023.63
5536,2/27/2023 3:30 pm,10.0,1,458.0
5537,2/27/2023 3:41 pm,10.0,1,216.5
5538,2/27/2023 3:47 pm,10.0,1,1198.0
5539,2/27/2023 4:37 pm,10.0,1,1350.0
5540,2/27/2023 5:21 pm,10.0,1,772.68
5541,2/27/2023 6:58 pm,10.0,1,748.0
5542,2/27/2023 7:03 pm,10.0,1,699.0
5543,2/27/2023 7:04 pm,10.0,1,594.15
5544,2/27/2023 7:49 pm,10.0,1,669.0
5545,2/27/2023 7:51 pm,10.0,1,350.0
5546,2/27/2023 7:58 pm,10.0,1,772.68
5547,2/27/2023 8:07 pm,10.0,1,661.3
5548,2/27/2023 8:07 pm,10.0,1,2385.4
5549,2/27/2023 8:50 pm,10.0,1,287.3
5550,2/27/2023 9:14 pm,10.0,1,356.96
5551,2/27/2023 9:23 pm,10.0,1,370.89
5552,2/27/2023 9:36 pm,10.0,1,3483.3
5553,2/27/2023 10:15 pm,10.0,1,413.1
5554,2/27/2023 11:09 pm,10.0,1,271.15
5555,2/27/2023 11:48 pm,10.0,1,1054.59
5556,2/27/2023 11:53 pm,10.0,1,316.8
5557,2/28/2023 9:15 am,10.0,1,202.3
5558,2/28/2023 9:31 am,10.0,1,796.0
5559,2/28/2023 9:51 am,10.0,1,1438.4
5560,2/28/2023 10:16 am,10.0,1,379.91
5561,2/28/2023 10:58 am,10.0,1,508.3
5562,2/28/2023 11:54 am,10.0,1,39.95
5563,2/28/2023 12:12 pm,10.0,1,355.5
5564,2/28/2023 1:40 pm,10.0,1,244.89
5565,2/28/2023 1:43 pm,10.0,1,1100.0
5566,2/28/2023 1:50 pm,10.0,1,1144.0
5567,2/28/2023 2:11 pm,10.0,1,208.0
5568,2/28/2023 2:30 pm,10.0,1,2125.5
5569,2/28/2023 3:14 pm,10.0,1,834.95
5570,2/28/2023 4:02 pm,10.0,1,491.13
5571,2/28/2023 4:11 pm,10.0,1,1058.0
5572,2/28/2023 4:22 pm,10.0,1,559.3
5573,2/28/2023 4:53 pm,10.0,1,2479.45
5574,2/28/2023 4:59 pm,10.0,1,2706.0
5575,2/28/2023 5:18 pm,10.0,1,399.0
5576,2/28/2023 7:03 pm,10.0,1,709.98
5577,2/28/2023 7:05 pm,10.0,1,832.0
5578,2/28/2023 7:33 pm,10.0,1,306.0
5579,2/28/2023 7:35 pm,10.0,1,296.65
5580,2/28/2023 7:43 pm,10.0,1,508.3
5581,2/28/2023 7:47 pm,10.0,1,999.0
5582,2/28/2023 8:49 pm,10.0,1,120.7
5583,2/28/2023 9:49 pm,10.0,1,1241.0
5584,2/28/2023 10:03 pm,10.0,1,688.5
5585,2/28/2023 10:35 pm,10.0,1,260.0
5586,2/28/2023 11:45 pm,10.0,1,971.46
5587,2/28/2023 11:47 pm,10.0,1,312.8
5588,3/1/2023 1:40 am,10.0,1,540.6
5589,3/1/2023 5:53 am,10.0,1,607.75
5590,3/1/2023 7:30 am,10.0,1,187.0
5591,3/1/2023 7:40 am,10.0,1,675.75
5592,3/1/2023 9:53 am,10.0,1,697.45
5593,3/1/2023 10:22 am,10.0,1,3029.4
5594,3/1/2023 10:28 am,10.0,1,436.0
5595,3/1/2023 10:28 am,10.0,1,174.0
5596,3/1/2023 11:44 am,10.0,1,425.0
5597,3/1/2023 12:51 pm,10.0,1,216.5
5598,3/1/2023 1:47 pm,10.0,1,637.5
5599,3/1/2023 2:24 pm,10.0,1,430.0
5600,3/1/2023 3:18 pm,10.0,1,690.0
5601,3/1/2023 3:29 pm,10.0,1,728.55
5602,3/1/2023 3:49 pm,10.0,1,1757.25
5603,3/1/2023 5:31 pm,10.0,1,161.5
5604,3/1/2023 6:24 pm,10.0,1,396.1
5605,3/1/2023 6:29 pm,10.0,1,1208.7
5606,3/1/2023 6:48 pm,10.0,1,2535.75
5607,3/1/2023 7:02 pm,10.0,1,880.0
5608,3/1/2023 7:43 pm,10.0,1,539.9
5609,3/1/2023 9:29 pm,10.0,1,726.75
5610,3/1/2023 10:30 pm,10.0,1,428.78
5611,3/1/2023 10:50 pm,10.0,1,2715.3
5612,3/2/2023 12:25 am,10.0,1,1656.23
5613,3/2/2023 12:40 am,10.0,1,404.6
5614,3/2/2023 12:55 am,10.0,1,1181.5
5615,3/2/2023 1:17 am,10.0,1,496.0
5616,3/2/2023 8:35 am,10.0,1,101.35
5617,3/2/2023 9:26 am,10.0,1,699.0
5618,3/2/2023 10:40 am,10.0,1,1534.1
5619,3/2/2023 10:45 am,10.0,1,248.0
5620,3/2/2023 10:53 am,10.0,1,377.4
5621,3/2/2023 11:21 am,10.0,1,147.85
5622,3/2/2023 11:24 am,10.0,1,1266.5
5623,3/2/2023 11:58 am,10.0,1,3891.09
5624,3/2/2023 12:10 pm,10.0,1,695.2
5625,3/2/2023 1:59 pm,10.0,1,1892.95
5626,3/2/2023 2:40 pm,10.0,1,765.4
5627,3/2/2023 2:44 pm,10.0,1,520.2
5628,3/2/2023 3:10 pm,10.0,1,229.46
5629,3/2/2023 3:22 pm,10.0,1,144.0
5630,3/2/2023 4:07 pm,10.0,1,517.7
5631,3/2/2023 4:35 pm,10.0,1,286.84
5632,3/2/2023 5:00 pm,10.0,1,290.0
5633,3/2/2023 5:18 pm,10.0,1,630.0
5634,3/2/2023 5:24 pm,10.0,1,528.0
5635,3/2/2023 5:26 pm,10.0,1,763.14
5636,3/2/2023 5:39 pm,10.0,1,339.15
5637,3/2/2023 6:04 pm,10.0,1,746.3
5638,3/2/2023 6:30 pm,10.0,1,154.0
5639,3/3/2023 9:00 am,10.0,1,253.3
5640,3/3/2023 10:27 am,10.0,1,264.94
5641,3/3/2023 10:34 am,10.0,1,1787.72
5642,3/3/2023 1:05 pm,10.0,1,608.6
5643,3/3/2023 1:45 pm,10.0,1,30.0
5644,3/3/2023 2:00 pm,10.0,1,283.9
5645,3/3/2023 2:22 pm,10.0,1,119.24
5646,3/3/2023 2:38 pm,10.0,1,484.5
5647,3/3/2023 2:54 pm,10.0,1,372.93
5648,3/3/2023 3:06 pm,10.0,1,500.0
5649,3/3/2023 3:29 pm,10.0,1,644.3
5650,3/3/2023 3:45 pm,10.0,1,413.1
5651,3/3/2023 8:17 pm,10.0,1,2929.1
5652,3/3/2023 9:08 pm,10.0,1,19.86
5653,3/3/2023 9:41 pm,10.0,1,1207.0
5654,3/3/2023 11:27 pm,10.0,1,917.84
5655,3/4/2023 3:19 am,10.0,1,572.0
5656,3/4/2023 9:49 am,10.0,1,244.38
5657,3/4/2023 10:07 am,10.0,1,236.0
5658,3/4/2023 10:07 am,10.0,1,875.73
5659,3/4/2023 10:33 am,10.0,1,800.68
5660,3/4/2023 10:41 am,10.0,1,302.6
5661,3/4/2023 11:20 am,10.0,1,1453.38
5662,3/4/2023 11:33 am,10.0,1,680.0
5663,3/4/2023 11:47 am,10.0,1,68.0
5664,3/4/2023 12:13 pm,10.0,1,137.1
5665,3/4/2023 2:25 pm,10.0,1,300.9
5666,3/4/2023 2:40 pm,10.0,1,975.8
5667,3/4/2023 2:46 pm,10.0,1,407.95
5668,3/4/2023 3:18 pm,10.0,1,135.64
5669,3/4/2023 3:47 pm,10.0,1,11.71
5670,3/4/2023 4:35 pm,10.0,1,217.6
5671,3/4/2023 4:46 pm,10.0,1,255.0
5672,3/4/2023 5:48 pm,10.0,1,1084.6
5673,3/4/2023 6:37 pm,10.0,1,433.5
5674,3/4/2023 6:40 pm,10.0,1,327.25
5675,3/4/2023 6:52 pm,10.0,1,130.0
5676,3/4/2023 6:54 pm,10.0,1,505.75
5677,3/4/2023 7:20 pm,10.0,1,1579.3
5678,3/4/2023 7:29 pm,10.0,1,759.9
5679,3/4/2023 7:42 pm,10.0,1,696.15
5680,3/4/2023 9:04 pm,10.0,1,133.82
5681,3/4/2023 11:14 pm,10.0,1,268.0
5682,3/5/2023 12:17 am,10.0,1,112.2
5683,3/5/2023 1:13 am,10.0,1,488.75
5684,3/5/2023 6:06 am,10.0,1,1900.0
5685,3/5/2023 8:48 am,10.0,1,610.3
5686,3/5/2023 11:11 am,10.0,1,350.0
5687,3/5/2023 1:31 pm,10.0,1,1210.4
5688,3/5/2023 1:33 pm,10.0,1,368.0
5689,3/5/2023 3:04 pm,10.0,1,183.23
5690,3/5/2023 3:27 pm,10.0,1,389.3
5691,3/5/2023 3:32 pm,10.0,1,6147.0
5692,3/5/2023 4:19 pm,10.0,1,349.96
5693,3/5/2023 4:53 pm,10.0,1,2408.9
5694,3/5/2023 5:50 pm,10.0,1,576.3
5695,3/5/2023 7:44 pm,10.0,1,194.65
5696,3/5/2023 8:32 pm,10.0,1,236.0
5697,3/5/2023 8:35 pm,10.0,1,442.0
5698,3/5/2023 8:57 pm,10.0,1,1993.25
5699,3/5/2023 10:18 pm,10.0,1,68.0
5700,3/5/2023 10:40 pm,10.0,1,734.02
5701,3/5/2023 11:55 pm,10.0,1,405.65
5702,3/6/2023 6:32 am,11.0,1,289.76
5703,3/6/2023 7:44 am,11.0,1,374.0
5704,3/6/2023 8:05 am,11.0,1,258.84
5705,3/6/2023 8:49 am,11.0,1,455.68
5706,3/6/2023 9:38 am,11.0,1,163.2
5707,3/6/2023 9:56 am,11.0,1,429.52
5708,3/6/2023 10:52 am,11.0,1,372.3
5709,3/6/2023 11:43 am,11.0,1,537.36
5710,3/6/2023 11:46 am,11.0,1,129.2
5711,3/6/2023 1:27 pm,11.0,1,900.69
5712,3/6/2023 1:31 pm,11.0,1,3470.04
5713,3/6/2023 1:39 pm,11.0,1,1799.0
5714,3/6/2023 1:54 pm,11.0,1,312.0
5715,3/6/2023 1:55 pm,11.0,1,501.6
5716,3/6/2023 2:19 pm,11.0,1,730.2
5717,3/6/2023 3:06 pm,11.0,1,4046.0
5718,3/6/2023 4:30 pm,11.0,1,1324.3
5719,3/6/2023 5:19 pm,11.0,1,1077.59
5720,3/6/2023 5:39 pm,11.0,1,534.74
5721,3/6/2023 6:02 pm,11.0,1,240.0
5722,3/6/2023 6:02 pm,11.0,1,242.08
5723,3/6/2023 6:11 pm,11.0,1,475.2
5724,3/6/2023 6:28 pm,11.0,1,429.76
5725,3/6/2023 7:08 pm,11.0,1,747.84
5726,3/6/2023 8:48 pm,11.0,1,1661.3
5727,3/6/2023 8:50 pm,11.0,1,2503.56
5728,3/6/2023 9:13 pm,11.0,1,2937.0
5729,3/6/2023 10:54 pm,11.0,1,599.25
5730,3/6/2023 11:56 pm,11.0,1,1806.62
5731,3/7/2023 3:50 am,11.0,1,270.64
5732,3/7/2023 6:17 am,11.0,1,1004.03
5733,3/7/2023 10:02 am,11.0,1,175.1
5734,3/7/2023 12:47 pm,11.0,1,188.0
5735,3/7/2023 12:47 pm,11.0,1,168.3
5736,3/7/2023 12:48 pm,11.0,1,664.4
5737,3/7/2023 2:26 pm,11.0,1,126.13
5738,3/7/2023 2:43 pm,11.0,1,265.2
5739,3/7/2023 2:48 pm,11.0,1,469.2
5740,3/7/2023 3:06 pm,11.0,1,1173.0
5741,3/7/2023 3:16 pm,11.0,1,338.0
5742,3/7/2023 3:51 pm,11.0,1,296.0
5743,3/7/2023 4:37 pm,11.0,1,1500.53
5744,3/7/2023 7:04 pm,11.0,1,592.0
5745,3/7/2023 7:59 pm,11.0,1,1618.0
5746,3/7/2023 8:21 pm,11.0,1,3895.2
5747,3/7/2023 8:24 pm,11.0,1,418.0
5748,3/7/2023 8:59 pm,11.0,1,1595.28
5749,3/7/2023 9:00 pm,11.0,1,356.0
5750,3/7/2023 9:08 pm,11.0,1,472.6
5751,3/7/2023 9:45 pm,11.0,1,522.75
5752,3/7/2023 10:36 pm,11.0,1,321.43
5753,3/7/2023 10:53 pm,11.0,1,458.15
5754,3/7/2023 11:07 pm,11.0,1,2634.8
5755,3/7/2023 11:28 pm,11.0,1,530.4
5756,3/8/2023 1:20 am,11.0,1,1273.04
5757,3/8/2023 6:07 am,11.0,1,4336.17
5758,3/8/2023 8:34 am,11.0,1,104.0
5759,3/8/2023 9:29 am,11.0,1,19.94
5760,3/8/2023 9:51 am,11.0,1,1221.09
5761,3/8/2023 9:51 am,11.0,1,154.51
5762,3/8/2023 9:58 am,11.0,1,257.04
5763,3/8/2023 10:14 am,11.0,1,198.0
5764,3/8/2023 11:24 am,11.0,1,579.6
5765,3/8/2023 11:28 am,11.0,1,253.3
5766,3/8/2023 11:36 am,11.0,1,474.24
5767,3/8/2023 12:17 pm,11.0,1,304.3
5768,3/8/2023 12:22 pm,11.0,1,316.79
5769,3/8/2023 12:50 pm,11.0,1,602.14
5770,3/8/2023 1:22 pm,11.0,1,408.0
5771,3/8/2023 2:23 pm,11.0,1,338.0
5772,3/8/2023 3:09 pm,11.0,1,295.8
5773,3/8/2023 4:22 pm,11.0,1,127.88
5774,3/8/2023 4:50 pm,11.0,1,500.0
5775,3/8/2023 4:50 pm,11.0,1,433.5
5776,3/8/2023 7:03 pm,11.0,1,396.84
5777,3/8/2023 9:09 pm,11.0,1,357.95
5778,3/8/2023 9:38 pm,11.0,1,100.0
5779,3/8/2023 11:52 pm,11.0,1,500.0
5780,3/9/2023 12:06 am,11.0,1,253.3
5781,3/9/2023 7:21 am,11.0,1,319.0
5782,3/9/2023 7:52 am,11.0,1,4248.0
5783,3/9/2023 10:19 am,11.0,1,1896.0
5784,3/9/2023 12:37 pm,11.0,1,911.79
5785,3/9/2023 1:03 pm,11.0,1,216.34
5786,3/9/2023 1:03 pm,11.0,1,938.4
5787,3/9/2023 1:14 pm,11.0,1,191.2
5788,3/9/2023 1:17 pm,11.0,1,1018.3
5789,3/9/2023 2:49 pm,11.0,1,1728.14
5790,3/9/2023 3:04 pm,11.0,1,534.22
5791,3/9/2023 3:08 pm,11.0,1,329.72
5792,3/9/2023 3:50 pm,11.0,1,1836.24
5793,3/9/2023 3:55 pm,11.0,1,1648.0
5794,3/9/2023 5:55 pm,11.0,1,266.0
5795,3/9/2023 6:16 pm,11.0,1,254.15
5796,3/9/2023 6:32 pm,11.0,1,1483.25
5797,3/9/2023 7:37 pm,11.0,1,840.0
5798,3/9/2023 7:43 pm,11.0,1,302.6
5799,3/9/2023 7:57 pm,11.0,1,157.82
5800,3/9/2023 9:07 pm,11.0,1,669.8
5801,3/9/2023 10:43 pm,11.0,1,498.0
5802,3/10/2023 9:09 am,11.0,1,462.62
5803,3/10/2023 10:51 am,11.0,1,6895.0
5804,3/10/2023 10:52 am,11.0,1,1396.0
5805,3/10/2023 11:55 am,11.0,1,0.0
5806,3/10/2023 12:50 pm,11.0,1,542.3
5807,3/10/2023 12:58 pm,11.0,1,225.68
5808,3/10/2023 2:06 pm,11.0,1,2408.9
5809,3/10/2023 2:38 pm,11.0,1,400.0
5810,3/10/2023 3:00 pm,11.0,1,5397.0
5811,3/10/2023 3:03 pm,11.0,1,688.38
5812,3/10/2023 3:25 pm,11.0,1,1351.82
5813,3/10/2023 3:41 pm,11.0,1,848.3
5814,3/10/2023 4:28 pm,11.0,1,96.9
5815,3/10/2023 4:35 pm,11.0,1,1226.72
5816,3/10/2023 5:03 pm,11.0,1,702.21
5817,3/10/2023 5:12 pm,11.0,1,1140.0
5818,3/10/2023 5:31 pm,11.0,1,489.0
5819,3/10/2023 6:03 pm,11.0,1,168.3
5820,3/10/2023 6:35 pm,11.0,1,441.15
5821,3/10/2023 6:39 pm,11.0,1,305.96
5822,3/10/2023 6:51 pm,11.0,1,5097.23
5823,3/10/2023 7:20 pm,11.0,1,870.4
5824,3/10/2023 7:40 pm,11.0,1,142.93
5825,3/10/2023 7:55 pm,11.0,1,237.4
5826,3/10/2023 8:21 pm,11.0,1,2244.0
5827,3/10/2023 8:28 pm,11.0,1,236.0
5828,3/10/2023 8:45 pm,11.0,1,1698.3
5829,3/10/2023 9:10 pm,11.0,1,331.2
5830,3/10/2023 9:44 pm,11.0,1,168.3
5831,3/10/2023 10:11 pm,11.0,1,71.4
5832,3/10/2023 11:38 pm,11.0,1,219.3
5833,3/10/2023 11:50 pm,11.0,1,598.4
5834,3/11/2023 1:21 am,11.0,1,105.4
5835,3/11/2023 6:47 am,11.0,1,335.71
5836,3/11/2023 8:13 am,11.0,1,231.79
5837,3/11/2023 9:35 am,11.0,1,628.32
5838,3/11/2023 10:01 am,11.0,1,572.0
5839,3/11/2023 10:11 am,11.0,1,278.0
5840,3/11/2023 11:29 am,11.0,1,305.15
5841,3/11/2023 2:04 pm,11.0,1,375.7
5842,3/11/2023 2:44 pm,11.0,1,592.0
5843,3/11/2023 3:28 pm,11.0,1,341.1
5844,3/11/2023 4:01 pm,11.0,1,233.7
5845,3/11/2023 4:06 pm,11.0,1,224.78
5846,3/11/2023 4:42 pm,11.0,1,110.5
5847,3/11/2023 5:08 pm,11.0,1,542.3
5848,3/11/2023 5:23 pm,11.0,1,11945.9
5849,3/11/2023 5:55 pm,11.0,1,246.5
5850,3/11/2023 7:20 pm,11.0,1,84.15
5851,3/11/2023 8:33 pm,11.0,1,593.3
5852,3/12/2023 4:03 am,11.0,1,661.7
5853,3/12/2023 4:26 am,11.0,1,926.1
5854,3/12/2023 5:58 am,11.0,1,3748.0
5855,3/12/2023 8:49 am,11.0,1,458.15
5856,3/12/2023 8:56 am,11.0,1,142.8
5857,3/12/2023 12:25 pm,11.0,1,678.0
5858,3/12/2023 12:43 pm,11.0,1,3398.91
5859,3/12/2023 3:08 pm,11.0,1,327.25
5860,3/12/2023 3:29 pm,11.0,1,72.3
5861,3/12/2023 4:21 pm,11.0,1,816.0
5862,3/12/2023 4:58 pm,11.0,1,621.91
5863,3/12/2023 6:12 pm,11.0,1,505.75
5864,3/12/2023 6:18 pm,11.0,1,177.6
5865,3/12/2023 7:05 pm,11.0,1,221.0
5866,3/12/2023 8:11 pm,11.0,1,124.1
5867,3/12/2023 9:38 pm,11.0,1,525.3
5868,3/12/2023 9:50 pm,11.0,1,195.5
5869,3/12/2023 9:50 pm,11.0,1,224.4
5870,3/12/2023 10:32 pm,11.0,1,2490.84
5871,3/13/2023 7:59 am,12.0,1,559.98
5872,3/13/2023 9:07 am,12.0,1,344.25
5873,3/13/2023 9:28 am,12.0,1,1954.15
5874,3/13/2023 9:41 am,12.0,1,313.65
5875,3/13/2023 10:02 am,12.0,1,328.38
5876,3/13/2023 10:12 am,12.0,1,678.05
5877,3/13/2023 10:15 am,12.0,1,1487.5
5878,3/13/2023 11:34 am,12.0,1,2503.2
5879,3/13/2023 11:51 am,12.0,1,593.48
5880,3/13/2023 12:01 pm,12.0,1,1946.82
5881,3/13/2023 12:04 pm,12.0,1,1053.15
5882,3/13/2023 12:22 pm,12.0,1,636.0
5883,3/13/2023 12:30 pm,12.0,1,506.6
5884,3/13/2023 1:01 pm,12.0,1,508.3
5885,3/13/2023 1:08 pm,12.0,1,489.6
5886,3/13/2023 1:31 pm,12.0,1,162.83
5887,3/13/2023 1:44 pm,12.0,1,1227.4
5888,3/13/2023 2:20 pm,12.0,1,7556.5
5889,3/13/2023 2:34 pm,12.0,1,513.1
5890,3/13/2023 2:35 pm,12.0,1,1094.4
5891,3/13/2023 3:16 pm,12.0,1,155.2
5892,3/13/2023 4:56 pm,12.0,1,1011.3
5893,3/13/2023 4:58 pm,12.0,1,113.92
5894,3/13/2023 5:14 pm,12.0,1,328.38
5895,3/13/2023 6:27 pm,12.0,1,458.96
5896,3/13/2023 6:53 pm,12.0,1,479.4
5897,3/13/2023 9:03 pm,12.0,1,328.38
5898,3/13/2023 11:23 pm,12.0,1,849.0
5899,3/14/2023 12:22 am,12.0,1,299.0
5900,3/14/2023 6:17 am,12.0,1,244.0
5901,3/14/2023 7:47 am,12.0,1,281.7
5902,3/14/2023 8:24 am,12.0,1,400.0
5903,3/14/2023 9:02 am,12.0,1,207.4
5904,3/14/2023 10:05 am,12.0,1,30.0
5905,3/14/2023 10:09 am,12.0,1,68.0
5906,3/14/2023 10:17 am,12.0,1,373.15
5907,3/14/2023 11:08 am,12.0,1,261.78
5908,3/14/2023 11:15 am,12.0,1,0.0
5909,3/14/2023 12:33 pm,12.0,1,132.6
5910,3/14/2023 12:36 pm,12.0,1,168.0
5911,3/14/2023 12:38 pm,12.0,1,72.2
5912,3/14/2023 12:44 pm,12.0,1,312.0
5913,3/14/2023 12:54 pm,12.0,1,168.3
5914,3/14/2023 2:57 pm,12.0,1,438.4
5915,3/14/2023 3:45 pm,12.0,1,739.2
5916,3/14/2023 4:32 pm,12.0,1,420.0
5917,3/14/2023 4:59 pm,12.0,1,463.58
5918,3/14/2023 5:36 pm,12.0,1,642.6
5919,3/14/2023 6:04 pm,12.0,1,3477.6
5920,3/14/2023 6:41 pm,12.0,1,336.6
5921,3/14/2023 7:07 pm,12.0,1,586.5
5922,3/14/2023 7:12 pm,12.0,1,168.3
5923,3/14/2023 7:14 pm,12.0,1,1881.9
5924,3/14/2023 8:07 pm,12.0,1,458.0
5925,3/14/2023 8:51 pm,12.0,1,1093.67
5926,3/14/2023 9:00 pm,12.0,1,268.6
5927,3/14/2023 9:00 pm,12.0,1,338.0
5928,3/14/2023 9:31 pm,12.0,1,1221.45
5929,3/14/2023 9:35 pm,12.0,1,899.3
5930,3/14/2023 9:40 pm,12.0,1,2112.1
5931,3/14/2023 9:42 pm,12.0,1,400.0
5932,3/14/2023 9:47 pm,12.0,1,624.0
5933,3/14/2023 9:53 pm,12.0,1,298.0
5934,3/14/2023 10:02 pm,12.0,1,3718.26
5935,3/14/2023 10:13 pm,12.0,1,752.0
5936,3/14/2023 10:27 pm,12.0,1,500.0
5937,3/14/2023 10:28 pm,12.0,1,1519.8
5938,3/14/2023 10:35 pm,12.0,1,1614.15
5939,3/14/2023 10:47 pm,12.0,1,780.0
5940,3/14/2023 10:54 pm,12.0,1,525.35
5941,3/15/2023 6:33 am,12.0,1,370.6
5942,3/15/2023 8:28 am,12.0,1,1476.45
5943,3/15/2023 9:49 am,12.0,1,569.6
5944,3/15/2023 10:46 am,12.0,1,520.0
5945,3/15/2023 11:19 am,12.0,1,362.88
5946,3/15/2023 11:20 am,12.0,1,7724.22
5947,3/15/2023 12:01 pm,12.0,1,428.8
5948,3/15/2023 12:08 pm,12.0,1,304.0
5949,3/15/2023 12:26 pm,12.0,1,3217.76
5950,3/15/2023 12:28 pm,12.0,1,387.2
5951,3/15/2023 12:28 pm,12.0,1,306.8
5952,3/15/2023 1:19 pm,12.0,1,435.41
5953,3/15/2023 1:30 pm,12.0,1,1600.72
5954,3/15/2023 1:52 pm,12.0,1,2049.0
5955,3/15/2023 2:13 pm,12.0,1,1958.0
5956,3/15/2023 2:31 pm,12.0,1,560.0
5957,3/15/2023 2:40 pm,12.0,1,1958.0
5958,3/15/2023 2:44 pm,12.0,1,0.0
5959,3/15/2023 3:23 pm,12.0,1,364.8
5960,3/15/2023 3:47 pm,12.0,1,898.0
5961,3/15/2023 3:47 pm,12.0,1,835.2
5962,3/15/2023 3:58 pm,12.0,1,1205.1
5963,3/15/2023 4:58 pm,12.0,1,399.98
5964,3/15/2023 5:09 pm,12.0,1,112.2
5965,3/15/2023 5:32 pm,12.0,1,255.0
5966,3/15/2023 5:52 pm,12.0,1,572.8
5967,3/15/2023 6:09 pm,12.0,1,178.5
5968,3/15/2023 6:58 pm,12.0,1,1112.0
5969,3/15/2023 7:00 pm,12.0,1,569.6
5970,3/15/2023 7:10 pm,12.0,1,5083.0
5971,3/15/2023 7:48 pm,12.0,1,211.64
5972,3/15/2023 8:14 pm,12.0,1,3172.95
5973,3/15/2023 9:26 pm,12.0,1,423.3
5974,3/15/2023 9:32 pm,12.0,1,1445.0
5975,3/15/2023 10:22 pm,12.0,1,1793.68
5976,3/15/2023 10:23 pm,12.0,1,376.38
5977,3/15/2023 10:42 pm,12.0,1,241.81
5978,3/15/2023 10:48 pm,12.0,1,302.6
5979,3/15/2023 11:49 pm,12.0,1,298.0
5980,3/15/2023 11:50 pm,12.0,1,885.5
5981,3/16/2023 1:12 am,12.0,1,636.66
5982,3/16/2023 1:28 am,12.0,1,539.35
5983,3/16/2023 2:12 am,12.0,1,1371.2
5984,3/16/2023 8:23 am,12.0,1,289.0
5985,3/16/2023 8:27 am,12.0,1,611.15
5986,3/16/2023 8:39 am,12.0,1,158.4
5987,3/16/2023 8:47 am,12.0,1,1166.88
5988,3/16/2023 9:44 am,12.0,1,4092.0
5989,3/16/2023 10:29 am,12.0,1,295.55
5990,3/16/2023 10:30 am,12.0,1,1744.2
5991,3/16/2023 10:33 am,12.0,1,904.0
5992,3/16/2023 11:49 am,12.0,1,1173.0
5993,3/16/2023 12:46 pm,12.0,1,689.6
5994,3/16/2023 1:05 pm,12.0,1,625.0
5995,3/16/2023 1:30 pm,12.0,1,189.72
5996,3/16/2023 1:37 pm,12.0,1,2338.56
5997,3/16/2023 1:40 pm,12.0,1,474.3
5998,3/16/2023 2:11 pm,12.0,1,304.0
5999,3/16/2023 2:13 pm,12.0,1,147.85
6000,3/16/2023 2:28 pm,12.0,1,356.0
6001,3/16/2023 3:10 pm,12.0,1,227.8
6002,3/16/2023 3:23 pm,12.0,1,231.44
6003,3/16/2023 3:24 pm,12.0,1,227.8
6004,3/16/2023 3:27 pm,12.0,1,1060.8
6005,3/16/2023 4:28 pm,12.0,1,992.0
6006,3/16/2023 6:01 pm,12.0,1,668.8
6007,3/16/2023 6:33 pm,12.0,1,152.15
6008,3/16/2023 7:35 pm,12.0,1,398.4
6009,3/16/2023 7:48 pm,12.0,1,427.68
6010,3/16/2023 8:30 pm,12.0,1,636.65
6011,3/16/2023 9:06 pm,12.0,1,271.95
6012,3/16/2023 9:09 pm,12.0,1,258.84
6013,3/16/2023 10:14 pm,12.0,1,1163.65
6014,3/16/2023 11:46 pm,12.0,1,48.0
6015,3/17/2023 1:59 am,12.0,1,628.15
6016,3/17/2023 4:05 am,12.0,1,691.24
6017,3/17/2023 7:25 am,12.0,1,377.6
6018,3/17/2023 8:04 am,12.0,1,718.3
6019,3/17/2023 8:15 am,12.0,1,46.4
6020,3/17/2023 8:45 am,12.0,1,624.0
6021,3/17/2023 11:07 am,12.0,1,248.2
6022,3/17/2023 11:50 am,12.0,1,564.0
6023,3/17/2023 12:08 pm,12.0,1,1278.44
6024,3/17/2023 12:49 pm,12.0,1,548.14
6025,3/17/2023 1:04 pm,12.0,1,254.0
6026,3/17/2023 1:13 pm,12.0,1,418.0
6027,3/17/2023 1:33 pm,12.0,1,505.75
6028,3/17/2023 3:23 pm,12.0,1,353.6
6029,3/17/2023 3:37 pm,12.0,1,1484.0
6030,3/17/2023 3:41 pm,12.0,1,502.0
6031,3/17/2023 4:21 pm,12.0,1,605.2
6032,3/17/2023 4:53 pm,12.0,1,100.8
6033,3/17/2023 5:02 pm,12.0,1,220.9
6034,3/17/2023 5:41 pm,12.0,1,437.85
6035,3/17/2023 9:07 pm,12.0,1,916.3
6036,3/17/2023 9:18 pm,12.0,1,256.0
6037,3/17/2023 9:46 pm,12.0,1,299.5
6038,3/17/2023 9:55 pm,12.0,1,1499.0
6039,3/17/2023 10:02 pm,12.0,1,270.0
6040,3/17/2023 10:21 pm,12.0,1,675.75
6041,3/17/2023 11:12 pm,12.0,1,849.15
6042,3/17/2023 11:19 pm,12.0,1,814.3
6043,3/17/2023 11:25 pm,12.0,1,212.0
6044,3/18/2023 12:08 am,12.0,1,201.96
6045,3/18/2023 9:29 am,12.0,1,852.01
6046,3/18/2023 11:59 am,12.0,1,3121.8
6047,3/18/2023 12:38 pm,12.0,1,385.41
6048,3/18/2023 2:15 pm,12.0,1,339.15
6049,3/18/2023 2:27 pm,12.0,1,391.0
6050,3/18/2023 2:41 pm,12.0,1,64.6
6051,3/18/2023 2:57 pm,12.0,1,306.0
6052,3/18/2023 3:11 pm,12.0,1,216.34
6053,3/18/2023 3:26 pm,12.0,1,233.7
6054,3/18/2023 3:29 pm,12.0,1,672.0
6055,3/18/2023 3:42 pm,12.0,1,1064.0
6056,3/18/2023 4:29 pm,12.0,1,1428.0
6057,3/18/2023 4:34 pm,12.0,1,1096.0
6058,3/18/2023 4:55 pm,12.0,1,1477.6
6059,3/18/2023 4:58 pm,12.0,1,52.0
6060,3/18/2023 5:18 pm,12.0,1,505.75
6061,3/18/2023 5:57 pm,12.0,1,514.2
6062,3/18/2023 8:17 pm,12.0,1,458.0
6063,3/18/2023 10:44 pm,12.0,1,220.0
6064,3/18/2023 11:29 pm,12.0,1,586.5
6065,3/18/2023 11:54 pm,12.0,1,133.82
6066,3/19/2023 1:18 am,12.0,1,994.5
6067,3/19/2023 1:27 am,12.0,1,374.12
6068,3/19/2023 7:50 am,12.0,1,406.3
6069,3/19/2023 9:59 am,12.0,1,439.0
6070,3/19/2023 10:47 am,12.0,1,749.7
6071,3/19/2023 11:02 am,12.0,1,330.0
6072,3/19/2023 11:16 am,12.0,1,119.7
6073,3/19/2023 12:42 pm,12.0,1,7181.85
6074,3/19/2023 12:56 pm,12.0,1,99.0
6075,3/19/2023 2:02 pm,12.0,1,214.2
6076,3/19/2023 2:33 pm,12.0,1,1098.0
6077,3/19/2023 3:07 pm,12.0,1,888.0
6078,3/19/2023 3:32 pm,12.0,1,1172.15
6079,3/19/2023 5:42 pm,12.0,1,580.0
6080,3/19/2023 5:50 pm,12.0,1,363.8
6081,3/19/2023 7:13 pm,12.0,1,18.7
6082,3/19/2023 7:23 pm,12.0,1,286.2
6083,3/19/2023 7:27 pm,12.0,1,271.15
6084,3/19/2023 8:23 pm,12.0,1,542.3
6085,3/19/2023 8:36 pm,12.0,1,295.7
6086,3/19/2023 8:57 pm,12.0,1,1337.6
6087,3/19/2023 9:07 pm,12.0,1,1834.3
6088,3/19/2023 10:16 pm,12.0,1,1180.65
6089,3/19/2023 11:56 pm,12.0,1,660.45
6090,3/20/2023 4:22 am,13.0,1,432.0
6091,3/20/2023 8:50 am,13.0,1,1417.8
6092,3/20/2023 9:50 am,13.0,1,678.3
6093,3/20/2023 9:55 am,13.0,1,518.8
6094,3/20/2023 10:01 am,13.0,1,140.0
6095,3/20/2023 10:37 am,13.0,1,103.7
6096,3/20/2023 11:23 am,13.0,1,455.6
6097,3/20/2023 11:27 am,13.0,1,1061.76
6098,3/20/2023 11:53 am,13.0,1,1036.15
